2926 4896
470 373 676 453 Epistola
706 367 784 438 XIX.
1180 373 1221 457 67

60 546 126 607 stone
145 551 364 627 contemplatur,
375 550 404 610 in
417 549 590 611 animalibus
609 569 675 612 cum
696 551 886 612 admiratione
908 553 1049 629 intuetur,
1070 553 1113 615 uti
1134 571 1220 630 apum

60 659 136 736 bella,
161 675 245 738 atque
274 662 472 723 columbarum
501 662 698 742 zelotypiam,
719 679 777 724 etc.
805 682 872 740 quae
897 663 927 725 in
952 664 1122 726 hominibus
1141 665 1220 741 sper-

59 789 161 846 nuntur,
180 790 208 835 et
230 773 420 836 nihilominus
447 777 485 836 ob
514 793 547 834 ea
570 773 703 836 animalia
732 775 905 852 persediora
933 775 1107 852 judicamus.
1148 777 1220 838 Haec

58 903 111 944 ιιι
131 884 168 944 ita
187 885 258 962 lint,
286 886 361 947 clare
390 885 538 964 sequitur,
560 901 699 962 peccata,
720 887 957 964 quandoquidem
979 905 1012 948 ea
1034 887 1074 948 nil
1094 887 1146 949 nist
1167 887 1219 948 im-

59 995 244 1069 persedionem
272 997 421 1074 indicant,
449 1015 509 1059 non
538 997 620 1075 polle
642 997 671 1061 in
693 999 793 1077 aliquo
814 995 982 1077 consistere,
1003 1003 1085 1078 quod
1106 1000 1220 1062 realita-

57 1123 103 1168 tem
122 1109 268 1188 exprimit,
289 1109 372 1172 ficuti
394 1111 500 1172 Adami
522 1113 643 1172 decreto
664 1111 784 1190 ejusque
805 1111 992 1174 executione.

88 1221 215 1284 Praeterea
237 1241 333 1300 neque
354 1222 450 1284 dicere
470 1224 620 1301 valemus,
640 1225 746 1287 Adami
768 1227 952 1289 voluntatem
974 1244 1039 1287 cum
1062 1227 1143 1305 Lege
1163 1225 1219 1288 Dei

58 1351 181 1412 pugnare,
201 1355 235 1397 ac
255 1335 324 1397 ideo
344 1335 421 1396 illam
443 1333 496 1396 esse
518 1337 636 1412 malam,
664 1336 732 1413 quia
753 1338 820 1399 Deo
842 1337 1023 1414 displiceret:
1045 1356 1128 1414 nam,
1147 1355 1219 1414 prae·

56 1461 165 1521 terquatn
187 1449 269 1524 quod
290 1457 422 1524 magnam¹
440 1445 470 1506 in
491 1447 558 1506 Deo
578 1460 703 1523 poneret
731 1447 998 1524 impersedlionem,
1018 1448 1039 1509 st
1062 1449 1218 1526 quicquam

55 1571 140 1617 eontra
159 1558 221 1635 ejus
241 1558 435 1619 Voluntatem
456 1558 555 1635 lieret,
576 1557 655 1636 fique
677 1559 750 1636 quid
770 1559 958 1635 desideraret,
984 1559 1069 1638 cujus
1097 1578 1220 1636 compos

54 1683 101 1726 non
120 1669 213 1745 lieret,
234 1666 357 1746 ejusque
377 1684 479 1730 natura
499 1669 551 1730 tali
573 1673 663 1732 modo
684 1672 875 1732 determinata
896 1670 984 1747 esset,
1007 1685 1058 1748 ut,
1081 1673 1219 1748 quemad·

55 1783 154 1842 modum
170 1797 328 1859 creatura,
345 1801 411 1844 cum
428 1781 475 1842 his
494 1783 707 1862 sympathiam,
724 1803 789 1847 cum
802 1785 858 1846 illis
869 1785 1220 1873 Antipathiamhaberet;

54 1892 124 1954 etiam
151 1891 272 1956 omnino
300 1913 367 1956 cum
394 1895 551 1958 voluntate
580 1895 697 1960 Divina
719 1911 829 1958 natura
851 1912 1003 1976 pugnaret.
1044 1897 1122 1978 Quia
1143 1896 1219 1958 enim

53 2003 89 2062 illa
107 2007 138 2063 ab
159 2005 223 2083 ejus
244 2007 394 2069 intellediu
424 2025 485 2068 non
516 2005 675 2084 discrepat,
707 2007 876 2084 imposibile
909 2025 992 2084 aeque
1021 2007 1079 2082 en,
1108 2006 1219 2085 aliquid

52 2115 99 2175 ieri
127 2133 229 2180 comma
261 2117 326 2196 ejus
356 2120 566 2195 Voluntatem,
596 2139 628 2180 ac
656 2135 759 2181 contra
779 2119 844 2197 eJus
864 2119 1062 2195 Intellestum3
1081 2119 1140 2179 hoc
1162 2117 1219 2196 est,

52 2225 88 2300 id,
111 2233 189 2306 quod
218 2247 323 2294 contra
352 2231 416 2308 ejus
444 2233 637 2294 Voluntatem
664 2233 764 2310 lieret,
785 2232 851 2294 talis
873 2235 994 2295 deberet
1014 2231 1069 2293 esse
1091 2247 1219 2307 naturae,

53 2356 77 2399 ut
102 2343 161 2418 ejus
191 2345 281 2406 etiam
316 2345 479 2410 intellectui
520 2361 716 2425 repugnaret,
746 2361 780 2408 ut
811 2347 993 2429 Quadratum
1033 2348 1218 2408 Rotundum.

53 2451 282 2534 Quandoquidem
314 2474 384 2536 ergo
414 2458 555 2522 voluntas
587 2460 775 2520 decretumne
795 2457 918 2532 Adami,
939 2457 969 2518 in
991 2455 1020 2517 se
1041 2456 1218 2533 spedatum,

53 2581 93 2624 nec
119 2569 222 2630 malum
251 2585 305 2629 nec
334 2586 473 2646 quoque,
493 2569 611 2646 proprie
632 2570 801 2647 loquend0,
823 2583 926 2629 contra
947 2567 1004 2628 Dei
1024 2566 1217 2629 Voluntatem

57 2693 118 2752 erat;
134 2679 281 2756 sequitur,
301 2681 397 2741 Deum
418 2679 482 2756 ejus
503 2680 616 2742 causam
637 2680 730 2758 polle,
752 2679 853 2757 imm0,
871 2679 958 2757 juxta
980 2697 1042 2740 eam
1061 2679 1218 2756 rationem,

53 2805 120 2863 quam
149 2792 373 2868 animadvertis,
404 2794 511 2854 debere
542 2791 605 2854 eise.
647 2795 718 2855 Non
745 2811 818 2857 vero
846 2809 992 2870 quatenus
1014 2793 1119 2854 malum
1139 2807 1215 2853 erat:

52 2917 102 2962 nan
130 2906 253 2980 rodum,
282 2907 365 2981 quod
395 2903 425 2965 in
458 2922 494 2965 eo
526 2921 605 2980 erat,
637 2923 696 2966 non
729 2920 790 2966 erat
818 2904 913 2982 aliud,
934 2923 1020 2981 quam
1042 2903 1217 2981 privationis

52 3009 140 3090 slatus,
160 3035 250 3093 quern
270 3032 393 3092 propter
411 3015 484 3078 iilud
505 3033 581 3092 opus
602 3017 734 3080 Adamus
755 3017 886 3078 amittere
909 3018 1216 3092 debebat;etcertum

52 3121 95 3198 τᾶ,
117 3127 316 3190 Privationem
343 3145 403 3188 non
431 3127 488 3188 esse
516 3127 589 3205 quid
616 3127 791 3204 positivum,
819 3145 939 3204 eamque
960 3128 1091 3204 respedlu
1112 3126 1217 3204 nostri,

53 3251 98 3295 non
116 3257 187 3301 tero
208 3240 267 3302 Dei
288 3240 451 3300 intellectus
473 3238 514 3299 ita
536 3237 686 3300 nominari.
727 3239 795 3300 Hoc
817 3254 913 3300 autem
934 3238 1003 3299 hinc
1025 3239 1126 3314 oritur,
1147 3238 1217 3315 quia
1312 3297 1314 3302 .

52 3351 138 3410 musta
168 3349 297 3427 ejusdem
329 3349 442 3428 generis
480 3347 650 3428 fingularia,
680 3367 715 3410 ea
747 3349 864 3426 omnia,
895 3351 977 3413 verbi
1009 3349 1120 3428 gratia,
1150 3368 1216 3426 quae

51 3471 180 3520 enemim
202 3459 353 3522 hominum
375 3459 492 3538 liguram
512 3460 638 3534 habent,
656 3477 713 3522 una
735 3463 895 3538 eademque
915 3458 1097 3520 Definitione
1119 3459 1215 3535 expri-

51 3567 153 3647 mimus,
181 3587 214 3651 et
241 3571 350 3634 idcirco
375 3571 558 3650 judicamus,
579 3591 612 3634 ea
634 3573 731 3634 omnia
754 3592 837 3650 aeque
858 3588 926 3649 apta
947 3571 1001 3632 eise
1023 3574 1059 3633 ad
1080 3571 1215 3634 summam

50 3683 260 3760 palemonem,
290 3703 377 3763 quam
408 3703 445 3746 ert
477 3683 618 3761 ejusmodi
658 3683 840 3745 Definitione
871 3685 1015 3746 deducere
1047 3681 1214 3760 possumus;

50 3799 150 3866 quando
178 3813 278 3860 autem
305 3815 395 3860 unum
417 3797 598 3874 invenimus,
620 3795 704 3873 cujus
725 3815 815 3874 opera
836 3814 901 3858 cum
923 3795 974 3856 ista
995 3811 1127 3874 pugnant
1149 3815 1214 3874 per·

49 3903 177 3985 tertione,
198 3923 271 3971 tunc
292 3908 323 3970 id
344 3927 377 3970 ea
399 3909 546 3984 privatum
568 3907 623 3969 esse
647 3908 829 3984 judicamus,
851 3923 880 3969 et
901 3926 918 3968 a
938 3906 987 3970 sua
1009 3923 1112 3969 natura
1134 3911 1215 3969 aber-

49 4033 111 4093 rate;
130 4023 213 4097 quod
233 4020 312 4083 haud
333 4021 508 4096 faceremus,
530 4019 551 4080 st
573 4019 603 4081 id
624 4021 662 4081 ad
679 4019 821 4096 ejusmodi
840 4019 1039 4082 definitionem
1058 4038 1118 4081 non
1136 4035 1214 4082 retu·

49 4125 171 4208 isemus,
191 4133 339 4208 talemque
360 4131 387 4192 ei
409 4148 540 4193 naturam
561 4129 775 4192 aiiinxissemus.
806 4131 954 4214 Quoniam
974 4149 1047 4195 vero
1067 4133 1150 4193 Deus
1170 4150 1215 4193 res

50 4255 92 4298 nee
111 4243 248 4305 absttasle
268 4243 370 4318 novit,
391 4261 445 4304 nec
468 4241 500 4304 id
521 4261 613 4322 genus
635 4244 782 4320 generales
803 4243 908 4304 format
937 4241 1140 4317 definitiones,
1161 4260 1215 4302 nec

52 4349 105 4422 plus
124 4353 263 4416 realitatis
284 4357 370 4416 rebus
392 4355 551 4431 competit,
570 4372 655 4432 quarn
674 4353 709 4414 iis
726 4354 855 4419 Divinus
865 4354 1028 4416 intelled'tus
1040 4367 1069 4414 et
1081 4352 1215 4428 potentia
