2926 4896
191 357 228 432 38
639 355 844 432 Epistola
875 356 927 415 XI.

188 536 286 616 tingit.
327 537 449 611 Tertio,
481 537 562 613 quod
594 538 630 597 de
661 534 868 596 desecationis
899 523 1005 596 effed'u
1036 535 1138 612 affers,
1170 534 1198 594 ei
1218 535 1380 611 respondet

188 649 384 725 Ammonilia
406 647 599 710 defecatione
620 659 654 708 ut
675 646 828 722 plurimum
849 645 963 707 liberari
983 645 1102 708 Nitrum
1121 667 1139 707 a
1155 647 1212 707 sale
1234 650 1381 724 quodam,

188 762 228 823 sal
258 778 411 822 commune
442 761 603 821 referente:
637 759 783 820 ascensum
815 777 887 821 vero
916 758 947 819 in
974 759 1097 822 liiriolas
1125 778 1308 822 communem
1337 760 1382 820 illi
1459 737 1460 744 ἵ

190 872 245 935 else
267 891 332 934 cum
353 871 417 932 aliis
438 871 558 947 salibus,
579 886 610 932 et
632 872 667 932 ab
689 869 761 932 adris
782 869 1068 948 preffione,aliisque
1079 869 1252 948 quibusdam
1266 871 1381 948 causas,

190 985 260 1046 alias
281 982 411 1046 dicendis
433 983 532 1061 nilque
544 986 580 1046 ad
590 982 760 1060 praesentem
782 983 980 1066 Quaestionem
998 983 1191 1061 facientibus,
1202 987 1381 1061 dependere.
1459 1039 1460 1042 ,

189 1101 320 1183 Quarto,
342 1099 423 1174 quod
444 1095 517 1160 dicis
540 1098 576 1157 de
597 1095 810 1172 Experimento
833 1111 887 1158 tuo
910 1096 1018 1173 tertio,
1038 1097 1115 1160 idem
1137 1098 1199 1160 lieri
1211 1097 1252 1158 ait
1263 1099 1383 1162 nuum

190 1211 277 1272 etiam
299 1227 364 1271 curn
385 1208 448 1270 aliis
469 1208 645 1285 quibusdam¹
669 1207 793 1302 salibus3
822 1206 963 1284 asserens,
985 1208 1112 1270 chartam
1134 1213 1202 1272 adiu
1220 1209 1381 1306 inflamma-

189 1337 248 1384 tam
277 1321 434 1397 particulas
463 1320 571 1399 rigidas
592 1336 622 1382 et
644 1306 769 1397 solidas,
797 1339 862 1397 quae
885 1322 1104 1396 componebant
1125 1320 1227 1398 salem,
1249 1321 1382 1398 vibrare,

188 1434 348 1512 iisdemque
368 1433 426 1495 hoc
447 1436 534 1510 pauo
556 1432 792 1494 scintillationem
815 1433 982 1494 conciliare.

229 1547 321 1629 Quod
341 1563 429 1622 porro
450 1561 555 1622 putas,
575 1546 651 1607 Seu.
672 1556 700 1619 5.
721 1545 881 1607 dusiorem
902 1545 1042 1606 Nobilem
1064 1547 1181 1621 culpare
1200 1545 1382 1624 Cartelium,

103 1687 105 1692 ·
188 1659 219 1720 in
240 1659 300 1720 boc
320 1656 443 1744 teipsum
465 1659 642 1733 culpandum
663 1657 774 1732 credit;
802 1655 953 1734 dicitque,
975 1657 1005 1717 se
1027 1658 1194 1720 nullatenus
1217 1657 1383 1738 indigitalse

189 1769 364 1846 Castellum,
385 1769 433 1832 sed
456 1769 631 1832 Gallendum
644 1785 675 1830 et
686 1769 774 1844 alios,
795 1769 847 1845 qui
867 1771 988 1849 liguram
1009 1768 1205 1848 Cylindticam
1227 1771 1383 1848 particulis

188 1883 267 1944 Nitri
289 1882 437 1958 tribuunt,
458 1899 524 1944 cum
546 1899 646 1945 revera
666 1880 701 1942 sit
724 1879 871 1958 prismica3
892 1899 947 1944 nec
971 1885 1008 1944 de
1029 1883 1130 1961 figuris
1152 1883 1215 1946 aliis
1233 1883 1261 1944 se
1282 1886 1385 1963 loqui,

193 2015 278 2073 quam
300 1993 472 2058 vifibilibus.

230 2108 279 2169 nd
307 2125 356 2181 ea,
385 2123 450 2182 quae
476 2105 505 2166 in
527 2107 602 2168 Sedt.
628 2105 753 2182 13-18.
783 2105 1008 2182 animadvertis,
1029 2107 1088 2168 hoc
1109 2123 1223 2169 tantum
1244 2110 1384 2188 reponit,

190 2220 220 2279 se
240 2218 303 2279 baec
324 2216 461 2294 scripsisse
482 2216 637 2292 imprimis,
656 2232 690 2278 ut
706 2216 838 2295 bemiae
861 2215 942 2279 usum
964 2221 1001 2281 ad
1022 2220 1218 2284 confirmanda
1238 2219 1385 2298 principia

190 2311 387 2406 Philosophiae
408 2328 582 2390 Mecbanica
604 2328 770 2391 ostenderet
791 2328 1001 2408 assereretque,
1030 2349 1084 2392 nec
1106 2331 1134 2392 se
1156 2331 1297 2395 invenisse
1319 2334 1384 2396 baec

190 2444 268 2518 apud
290 2441 364 2502 alios
384 2458 442 2502 tam
464 2443 539 2504 clare
560 2441 668 2504 tradita
684 2457 715 2503 et
733 2444 865 2504 tradate.
886 2443 937 2502 Eli
958 2443 1054 2504 noster
1074 2444 1199 2523 Boylius
1219 2463 1257 2505 ex
1279 2463 1382 2508 eorum

190 2570 327 2629 numero,
355 2551 407 2629 qui
435 2571 494 2614 non
525 2555 598 2614 adeo
626 2552 684 2614 suae
713 2553 837 2615 Rationi
865 2555 1032 2630 confidant,
1061 2570 1094 2616 ut
1115 2573 1176 2617 non
1197 2556 1293 2618 velint
1314 2577 1383 2620 cum

191 2665 321 2727 Ratione
342 2665 501 2728 convenire
529 2665 733 2726 Phaenonena.
774 2666 916 2745 Magnum
939 2681 1079 2742 praterea
1100 2667 1250 2730 discrimen
1273 2669 1315 2733 ait
1336 2671 1383 2731 in·

190 2781 338 2840 tercedere
366 2778 442 2838 inter
469 2777 559 2841 obvia
588 2777 804 2854 experimenta,
833 2779 909 2840 circa
930 2797 1016 2857 quae,
1037 2780 1109 2856 quid
1131 2782 1242 2844 adferat
1264 2784 1382 2846 Natura

191 2908 315 2967 quaeque
337 2889 548 2966 interveniant,
569 2889 750 2969 ignoramus,
772 2905 802 2951 et
824 2889 900 2950 inter
920 2909 969 2966 ea,
990 2893 1027 2952 de
1038 2892 1147 2968 qulbus
1159 2907 1241 2954 certo
1252 2894 1384 2970 constat,

191 3019 323 3078 quaenana
345 3003 382 3062 ad
403 3019 437 3061 ea
458 3001 623 3062 afferantur.
645 3001 739 3080 Ligna
760 3001 828 3063 sunt
850 3019 973 3076 corpora
996 3004 1089 3064 multo
1112 3003 1202 3084 magis
1219 3005 1384 3082 composita

191 3132 278 3191 quam
309 3111 487 3189 subiedium‚
519 3116 555 3175 de
587 3131 647 3190 quo
678 3114 793 3176 Audet
825 3117 938 3176 tradat.
979 3115 1019 3174 Et
1045 3114 1075 3176 in
1103 3135 1186 3193 aquae
1217 3117 1384 3180 communis

191 3225 366 3286 ebullitione
387 3225 463 3304 ignis
485 3241 624 3286 externus
645 3225 778 3302 additur,
799 3226 899 3303 quiin
920 3227 1126 3303 procreatione
1137 3228 1201 3290 soni
1213 3229 1302 3291 nostri
1320 3250 1383 3294 raon

192 3337 355 3400 adhibetur.
397 3338 506 3413 Porro,
537 3340 620 3414 quod
651 3337 778 3400 virentia
810 3337 840 3398 in
872 3353 920 3400 tot
953 3353 1070 3415 tamque
1103 3340 1235 3404 diversos
1267 3343 1384 3406 colores

191 3465 357 3526 mutantur,
386 3453 422 3512 de
451 3449 514 3526 ejus
542 3449 626 3512 causa
648 3451 804 3527 quaeritur;
825 3450 897 3512 illud
918 3469 989 3514 vero
1012 3470 1048 3512 ex
1069 3453 1234 3514 mutatione
1254 3456 1384 3531 partium

193 3560 279 3638 oriri,
299 3563 359 3622 hoc
379 3562 582 3638 experimento
605 3564 784 3639 declaratur,
807 3581 867 3640 quo
890 3579 1028 3640 apparet,
1049 3565 1176 3626 colorem
1197 3585 1235 3627 en
1255 3565 1384 3643 Spiritus

191 3672 271 3735 Nitri
294 3673 433 3735 affusrone
455 3691 599 3736 mutatum
621 3673 714 3737 fuisse.
740 3675 878 3752 Denique
898 3694 994 3753 neque
1016 3691 1125 3738 tetrum
1146 3696 1241 3754 neque
1263 3678 1383 3742 suavem

192 3785 298 3845 babere
321 3788 441 3846 odotem
462 3785 580 3848 Nitrum
603 3787 661 3863 ait,
682 3788 731 3850 sed
753 3805 791 3849 ex
812 3787 872 3849 sola
893 3787 1081 3850 dissolutione
1100 3803 1207 3850 tetrum
1218 3789 1384 3866 acquirere,

192 3915 279 3974 quem
301 3897 332 3957 in
353 3897 594 3975 reconjundlione
617 3899 736 3962 amittit.

233 4010 308 4093 Quae
339 4012 376 4071 ad
406 4011 482 4101 Seii.
503 4022 552 4085 25.
574 4028 661 4073 notas
693 4013 812 4090 (caetera
844 4011 920 4073 enim
953 4012 982 4074 se
1013 4031 1074 4074 non
1102 4029 1221 4092 tangere
1251 4013 1324 4093 ait),
1346 4014 1384 4076 iis

192 4120 368 4197 respondet,
396 4121 477 4182 usum
506 4121 534 4183 se
563 4122 645 4184 fuisse
666 4124 818 4200 principiis
839 4125 1017 4203 Epicureis,
1039 4145 1104 4202 quae
1126 4128 1248 4202 voluat,
1269 4143 1384 4189 motum

193 4231 345 4309 particulis
366 4232 454 4295 inesse
476 4250 651 4312 connatum;
673 4256 750 4312 opus
772 4236 849 4297 enim
870 4235 951 4298 fuisse
973 4237 1069 4314 aliqua
1091 4238 1135 4299 uti
1156 4237 1323 4317 Hypotbest
1345 4243 1384 4301 ad

193 4345 381 4408 Phaenomeni
411 4346 657 4424 explicationem
687 4367 772 4426 quam
801 4362 896 4410 tamen
919 4364 1074 4427 propterea
1096 4350 1173 4411 suam
1194 4369 1254 4412 non
1277 4349 1385 4427 saciat,
