2926 4896
514 361 718 439 Epistola
749 359 801 421 vt.
1211 371 1249 433 27

100 561 156 603 nec
179 559 257 618 opua
276 541 318 601 est
336 541 400 601 ltaec
421 539 511 602 fustus
532 539 686 615 explicate.

100 653 158 714 His
178 653 288 727 habea,
307 651 486 726 amicissime,
507 669 572 728 quae
594 651 652 711 huc
674 650 765 726 usque
787 651 917 711 notanda
927 647 1040 725 reperio
1052 647 1082 708 in
1094 645 1250 724 specimina

58 765 183 828 Domini
210 764 307 843 Boyli.
348 765 441 847 Quod
468 766 504 825 ad
525 765 631 841 primas
653 777 720 824 tuas
742 761 917 840 questiones
938 760 1064 838 attinet,
1085 779 1151 823 cum
1172 777 1250 820 meas

58 883 96 940 ad
119 878 197 954 ipsas
217 877 421 954 responstonea
451 893 609 952 percurro,
629 875 701 936 nihil
723 875 812 938 video
834 893 879 936 me
900 873 1029 936 omistlle.
1070 873 1110 933 Et
1130 871 1151 932 fi
1172 874 1250 933 forte

59 993 109 1068 (ut
132 991 215 1052 soleo
237 1005 358 1066 propter
380 991 535 1051 verborum
556 987 721 1066 penuriam)
750 986 862 1066 aliquid
884 985 1006 1048 obscure
1028 985 1129 1061 posui,
1151 983 1250 1062 quaeso

58 1120 94 1163 ut
115 1103 148 1164 id
169 1101 239 1163 milri
267 1101 396 1163 indicare
426 1100 569 1179 digneris;
590 1102 668 1162 dabo
690 1117 810 1176 operam
831 1114 866 1161 ut
887 1098 948 1174 ipsa
969 1097 1074 1159 clarius
1095 1114 1253 1174 exponam.

100 1216 195 1296 Quod
224 1228 321 1274 autem
348 1215 386 1274 ad
414 1230 520 1274 novam
550 1227 630 1273 tuam
660 1211 849 1289 questionem
871 1207 996 1284 attinet,
1017 1211 1169 1286 quomodo
1190 1207 1251 1269 scil.

59 1346 106 1388 res
135 1324 281 1403 coeperint
310 1324 384 1400 elle,
412 1339 442 1386 et
469 1343 530 1402 quo
560 1343 639 1386 nexu
660 1343 676 1386 a
697 1325 788 1402 prima
809 1324 894 1386 caula
915 1325 1116 1400 dependeant:
1139 1321 1251 1384 dehac

58 1457 90 1499 re
112 1453 146 1498 et
167 1437 256 1498 etiarn
277 1441 314 1498 de
336 1437 550 1526 Emendatione
580 1438 747 1498 lntelledua
769 1437 913 1516 integrum
935 1437 1107 1514 opusculum
1128 1453 1250 1511 compo-

59 1549 121 1624 sui;
149 1549 182 1609 in
210 1547 295 1625 cujus
324 1547 521 1625 descriptione
545 1565 575 1610 et
596 1549 802 1612 emendatione
823 1563 989 1626 occupatus
1009 1548 1079 1610 sum.
1121 1545 1251 1610 Sed'ali-

59 1663 185 1738 quando
196 1663 233 1720 ab
245 1679 335 1736 opere
357 1659 477 1737 desrllo,
498 1661 567 1739 quia
588 1665 720 1723 nondum
740 1663 830 1724 ullum
851 1677 963 1724 certum
983 1661 1080 1722 habeo
1101 1659 1251 1722 confilium

58 1773 139 1835 circa
171 1773 236 1850 ejus
268 1773 437 1835 editionem.
477 1773 584 1835 Timeo
618 1773 750 1836 nimirum
780 1791 816 1834 ne
845 1773 979 1852 theologi
1001 1773 1089 1834 nostri
1111 1771 1252 1850 temporis

60 1887 272 1976 offendantur,
304 1902 334 1947 et
365 1902 425 1962 quo
456 1884 551 1948 solent
584 1885 656 1949 odio
678 1887 708 1947 in
730 1903 794 1965 me,
816 1887 868 1964 qui
889 1885 966 1948 rixae
988 1885 1106 1962 prorsus
1128 1886 1252 1960 horreo,

59 2000 251 2062 invehentur.
291 1999 391 2060 Tuum
419 1998 494 2060 circa
522 2001 597 2060 hanc
626 2017 685 2061 rem
707 1999 858 2064 confilium
880 1999 1036 2075 spenabo,
1057 2014 1104 2074 et,
1124 2013 1159 2060 ut
1179 1996 1251 2058 scias

60 2109 134 2185 quid
154 2107 186 2169 in
209 2125 274 2169 meo
294 2107 353 2170 hoc
381 2126 470 2184 opere
498 2109 708 2184 contineatur,
738 2111 819 2186 quod
840 2107 1104 2170 concionatoribus
1125 2109 1249 2170 offendi-

62 2221 131 2280 culo
153 2217 213 2280 esse
234 2220 339 2296 possit,
361 2219 451 2295 dico,
471 2222 553 2297 quod
575 2223 665 2282 multa
695 2221 857 2298 attributa,
878 2240 943 2298 quae
964 2224 1000 2283 ab
1023 2219 1058 2280 iis
1079 2235 1110 2281 et
1131 2221 1166 2280 ab
1189 2238 1251 2281 om-

62 2333 171 2408 nibus,
203 2331 272 2394 milti
304 2333 402 2394 saltem
431 2333 533 2410 notis,
563 2337 629 2396 Deo
662 2335 848 2411 tribuuntur,
870 2353 926 2414 ego
946 2349 1085 2412 tanquam
1106 2349 1252 2396 creaturas

63 2445 236 2520 conlidero;
264 2460 295 2506 et
324 2459 427 2506 contra
455 2445 531 2521 alia,
561 2461 682 2522 propter
704 2445 873 2524 praejudicia
895 2448 932 2506 ab
954 2445 990 2506 iis
1013 2460 1150 2522 tanquam
1173 2463 1251 2506 crea-

63 2577 141 2620 turas
163 2557 360 2620 confideratas
384 2555 465 2640 [fich
485 2575 542 2638 ego
565 2557 706 2621 attributa
725 2559 781 2620 Dei
806 2558 860 2620 elle
883 2573 914 2620 et
935 2560 971 2618 ab
989 2557 1058 2634 iplis
1075 2558 1149 2618 male
1165 2557 1251 2618 intel-

63 2671 135 2732 lecta
156 2667 241 2730 fuiffe
263 2672 432 2747 contend03
453 2687 483 2731 et
505 2670 609 2748 etiam,
631 2675 713 2748 quod
733 2673 828 2734 Deum
850 2690 866 2732 a
889 2673 1002 2732 Natura
1025 2689 1085 2732 non
1106 2671 1147 2732 ita
1168 2670 1250 2749 sepa-

64 2800 119 2842 tem
142 2797 178 2843 ut
200 2799 302 2842 omnes
308 2827 318 2858 ,
340 2799 466 2859 quorum
488 2785 567 2858 apud
588 2802 633 2844 nte
655 2783 696 2844 eli
717 2783 845 2859 notitia,
868 2785 1011 2845 fecerunt.
1030 2783 1128 2845 Tuum
1150 2783 1251 2860 itaque

62 2892 213 2954 consilium
235 2893 351 2971 [ρεᾶος
373 2909 403 2954 te
425 2911 529 2970 nempe
550 2909 585 2956 ut
606 2893 796 2957 fideliffimum
818 2895 941 2957 amicum
963 2895 1089 2972 aspicio,
1110 2898 1146 2958 de
1166 2895 1251 2972 cujus

62 3007 117 3066 fide
149 3005 235 3066 nefas
265 3003 335 3065 ellet
366 3005 510 3066 dubitare.
559 3005 633 3066 Vale
666 3005 781 3068 interim
813 3023 843 3068 et
875 3023 908 3069 ut
939 3005 1051 3086 coepilli
1084 3025 1127 3068 me
1159 3025 1252 3069 amare

63 3134 171 3197 perge,
193 3115 245 3194 qui
267 3115 327 3177 sum

841 3217 911 3262 tuus
932 3219 969 3262 ex
990 3173 1049 3261 alie

704 3313 965 3377 BENEDIGTUS
992 3311 1173 3374 SPlNOZA.
1194 3313 1210 3346 *

494 3647 732 3710 Eatscota
765 3648 832 3709 Vll.

530 3777 686 3857 Clart'fflmo
708 3777 781 3836 Vt'ro

590 3887 623 3948 B.
644 3905 676 3948 n.
697 3891 726 3949 S.

371 3999 582 4061 HENRICUS
612 4000 945 4063 OLDENBURGIUS.

102 4115 183 4174 Ante
213 4109 388 4186 septimanas
410 4110 452 4171 sat
473 4112 595 4186 multas,
622 4109 676 4172 Vir
696 4112 868 4187 Clarissimo,
889 4113 1067 4192 gratiffimam
1089 4128 1168 4174 tuam
1189 4111 1251 4188 epi·

97 4284 109 4312 ’
143 4284 225 4346 Supra
245 4292 265 4348 p
282 4293 341 4331 ern
363 4279 449 4331 literta
466 4279 556 4331 ductus
580 4279 681 4343 quidam
706 4291 840 4344 apparent,
865 4275 974 4344 ejusdem
1000 4291 1025 4332 tt
1044 4277 1125 4331 saeculi
1143 4291 1168 4332 et
1185 4289 1249 4328 ntra-

65 4363 159 4424 menti,
176 4379 243 4427 quos
259 4362 422 4428 interpretari
442 4363 506 4414 laud
524 4363 645 4414 valemus.
