2926 4896
515 347 722 425 Epistola
753 347 806 410 VI.
1214 365 1252 426 23

72 529 150 605 piem
170 526 316 604 propulsa
337 545 353 585 a
374 524 494 602 reliquis
521 524 737 601 separabantur,
760 524 788 586 in
811 523 890 586 aliud
911 543 1018 602 corpus
1041 527 1109 587 oleo
1131 525 1252 588 solidius

72 639 211 720 coagulari
244 651 414 716 potuerant.
467 637 601 714 Corpora
633 636 709 700 enim
742 639 789 701 vel
819 637 931 700 leviora
970 641 1017 701 vel
1045 637 1253 716 ponderosiora

72 756 134 816 sunt
152 773 207 830 pro
227 752 388 830 rationea)
409 749 583 829 fluidorum,
604 751 712 830 quibus
733 751 942 831 immerguntur
962 751 1004 831 b).
1031 751 1079 813 Sic
1100 751 1250 829 particula

71 865 180 945 butyri,
208 868 278 927 dum
305 865 372 928 lacti
392 865 421 943 c)
450 864 601 940 innatant,
629 879 739 939 partem
768 863 893 942 liquoris
913 865 951 944 d)
980 877 1181 940 componunt3
1203 863 1253 925 sed

70 979 216 1055 postquam
236 979 283 1038 lac
302 979 331 1055 e)
360 995 471 1039 novum
492 990 605 1038 motum
627 990 749 1053 propter
769 976 960 1056 agitationem
975 976 1018 1056 f)
1041 975 1183 1054 acquirit,
1204 976 1252 1036 cui

69 1110 163 1152 omnes
194 1105 295 1167 partes
324 1092 369 1151 lac
387 1090 425 1169 g)
456 1105 670 1166 componentes
703 1107 763 1151 non
796 1107 880 1166 aeque
901 1087 936 1168 lt)
969 1088 999 1149 se
1031 1089 1251 1150 accommodare

69 1201 198 1280 possunt,
218 1203 279 1264 hoc
299 1199 391 1264 solum
412 1201 536 1281 facite),
558 1215 593 1262 ut
614 1203 748 1278 quaedam
770 1199 994 1278 ponderosiores
1015 1203 1163 1276 evadant,
1184 1219 1251 1278 quae

68 1333 159 1391 partes
179 1315 310 1376 leviores
331 1311 439 1374 sursum
460 1314 583 1389 pellunt.
613 1314 690 1389 Sed,
712 1311 781 1389 quia
802 1313 846 1374 hae
869 1311 996 1374 leviores
1017 1315 1081 1372 a'e're
1103 1314 1250 1386 pondero-

67 1427 148 1490 siores
164 1428 253 1503 sunt,
274 1441 308 1488 ut
329 1445 394 1488 cum
415 1425 478 1502 ipsu
505 1425 649 1503 liquorem
672 1439 869 1502 componant,
890 1425 926 1486 ab
947 1423 1012 1501 ipso
1035 1421 1167 1485 deorsum
1190 1425 1251 1498 pel·

65 1545 168 1617 luntur,
199 1555 231 1600 et
264 1539 335 1632 quia
365 1541 401 1600 ad
433 1553 546 1600 motum
577 1537 685 1614 ineptae
714 1537 798 1616 sunt,
819 1539 888 1599 ideo
910 1537 997 1599 etiam
1018 1536 1086 1598 solae
1107 1535 1251 1614 liquorem

65 1671 239 1731 componete
260 1671 321 1714 non
343 1650 476 1728 possunt,
496 1650 582 1730 sede)
600 1651 653 1712 srbi
674 1651 799 1714 invicem
819 1651 993 1712 incumbunt
1003 1665 1035 1711 et
1046 1649 1195 1710 adhaerent
1207 1649 1251 1728 l).

64 1769 196 1843 vapores
225 1763 331 1838 etiam,
359 1781 424 1824 cum
453 1765 489 1822 ab
519 1767 583 1824 aere
613 1763 799 1841 separantur,
821 1763 851 1823 in
873 1781 977 1840 aquam
998 1777 1164 1838 mutantur,
1186 1779 1251 1839 quae

64 1877 191 1956 respesiu
212 1875 288 1938 aeris
307 1873 465 1936 consistens
485 1874 582 1952 potest
605 1874 663 1936 dici
685 1877 725 1954 Ι).

100 1989 197 2069 §.13.
238 1985 337 2064 Atque
363 1987 518 2066 exemplum
540 1998 608 2065 pero
628 2005 648 2046 a
670 1986 769 2065 Vefieu
793 1999 851 2066 per
876 2005 982 2064 equum
1002 1987 1142 2064 distentu,
1164 2004 1252 2064 quam

65 2125 83 2162 a
99 2102 191 2180 uefiea
210 2104 280 2162 ae're
295 2102 400 2179 plenu,
420 2112 473 2161 erc.
515 2098 589 2161 Cum
612 2118 695 2176 aquae
716 2098 867 2174 particulae
888 2099 998 2175 semper
1018 2097 1251 2176 quaquaversum

66 2214 257 2278 indelinenter
288 2227 464 2277 moveantur
484 2213 542 2292 m),
564 2211 749 2289 perspicuum
779 2212 836 2290 esi,
864 2209 885 2272 li
907 2212 941 2291 rr)
962 2231 978 2272 a
1000 2210 1175 2288 corporibus
1196 2209 1251 2271 cir-

66 2325 298 2406 cumjacentibus
326 2341 387 2386 non
408 2323 592 2386 cohibentur
617 2326 663 2404 o),
691 2343 753 2386 eam
782 2321 1014 2404 quaquaversum
1031 2321 1068 2404 p)
1096 2321 1251 2385 dilatatum

65 2441 95 2501 iri
123 2443 174 2519 q);
204 2456 295 2514 porro
314 2436 386 2514 quid
407 2436 509 2500 veficae
531 2455 607 2514 aqua
628 2439 722 2514 plenae
743 2436 882 2498 distentio
900 2435 988 2513 juvet
1008 2437 1058 2516 r),
1079 2437 1115 2496 ad
1137 2433 1251 2496 senten-

373 2548 442 2610 tiam
464 2552 500 2610 de
522 2548 654 2625 spatiolis
675 2549 917 2625 confirmandam,
939 2550 1034 2610 fateor
1055 2549 1251 2609 menendum

371 2654 453 2732 posse
475 2655 624 2730 percipere
645 2655 690 2733 s):
712 2653 788 2715 ratio
809 2653 903 2730 enim,
924 2672 976 2714 cur
996 2651 1146 2730 particulae
1168 2671 1251 2730 aquae

372 2759 511 2820 lateribus
542 2759 643 2822 velicae
676 2759 771 2838 digito
802 2759 899 2836 preliis
931 2777 991 2820 non
1020 2761 1142 2835 cedant,
1171 2759 1252 2835 quod

373 2864 464 2940 alias,
494 2863 514 2926 li
546 2865 644 2926 liberae
677 2863 786 2941 essent,
818 2867 964 2940 facerent,
999 2864 1059 2940 esi,
1091 2863 1160 2942 quia
1191 2883 1252 2926 non

264 2968 273 2980 ”
371 2972 457 3031 datur
495 2969 706 3047 aequilibrium,
734 2970 792 3033 slve
821 2969 974 3032 circulatio
1003 2973 1049 3050 t),
1078 2971 1122 3032 uti
1151 2974 1253 3049 datur,

275 3128 288 3133 a
371 3093 436 3136 cum
463 3092 572 3153 corpus
601 3075 740 3153 aliquod,
768 3091 841 3153 puta
863 3075 974 3156 digitus
995 3076 1100 3154 noster,
1122 3078 1251 3139 alluido

370 3179 429 3242 srve
451 3199 526 3258 aqua
548 3179 675 3258 cingitur
696 3183 741 3260 u).
783 3183 839 3243 Sed
862 3183 1052 3258 quantumvis
1081 3201 1157 3260 aqua
1179 3203 1195 3244 a
1215 3185 1252 3264 x)

93 3367 124 3432 a)
144 3369 211 3418 idem
231 3367 294 3417 enim
312 3377 402 3434 corpus
419 3368 461 3418 uel
478 3367 561 3418 leuius
578 3367 620 3417 rel
634 3367 796 3432 ponderofius
815 3367 847 3432 eli
863 3379 910 3434 pro
923 3369 1131 3434 constitutionem
1146 3379 1252 3422 nature.

94 3451 122 3514 b)
140 3451 311 3518 immergitur.
410 3449 438 3513 c)
453 3449 522 3514 seru.
623 3449 654 3514 d)
674 3449 762 3501 lectis.
868 3451 896 3517 e)
915 3452 935 3501 L
953 3451 1037 3503 addit:
1052 3453 1103 3518 ssue
1120 3468 1225 3506 cremor.

88 3532 128 3598 s)
146 3535 168 3584 L
186 3531 283 3583 omittit
300 3542 408 3600 propter
425 3533 607 3599 agitationem.
706 3534 740 3600 g)
758 3536 779 3584 L
797 3533 881 3584 addit:
901 3535 1038 3600 integrum.

99 3615 129 3679 lr)
146 3618 169 3666 L
186 3614 271 3666 addltt
284 3615 374 3680 setlle
393 3629 423 3665 ae
440 3617 521 3682 primo
536 3616 583 3681 suu
601 3617 689 3667 mutui.
865 3617 912 3682 ii)
927 3625 1021 3684 parter
1038 3618 1124 3683 butyri
1143 3621 1252 3673 leuiores

66 3700 174 3748 eredunt
190 3708 220 3748 ur
237 3714 289 3748 cum
303 3700 364 3764 feru
382 3699 504 3765 liquorem
521 3711 666 3766 componere
679 3701 779 3767 pufflnt,
798 3709 877 3766 etque
894 3701 972 3750 etiam
987 3703 1177 3769 panderossores
1190 3707 1253 3771 sunt

66 3791 90 3828 ut
114 3797 167 3832 cum
192 3786 255 3832 edre
276 3781 382 3845 fluidum
409 3792 573 3849 componant.
607 3785 643 3834 Et
668 3785 728 3851 quse
751 3784 865 3852 figuram
892 3784 987 3835 hebent
1013 3786 1201 3853 irregularem,
1224 3800 1253 3839 ut

67 3871 171 3929 appares
196 3879 229 3915 ee
255 3879 282 3915 eo
309 3865 373 3930 qued
398 3866 477 3916 motui
497 3867 687 3932 particularum
702 3869 759 3934 seri
771 3867 804 3933 se
821 3869 1008 3918 accommodare
1024 3885 1072 3920 num
1086 3880 1247 3938 potuerant,

67 3947 119 3998 ideo
136 3962 214 4014 meque
227 3947 289 4012 sola
303 3947 409 4012 liuidum
427 3949 575 4014 consituere
589 3951 703 4017 maffeus,
721 3953 833 4018 ideoque.
901 3951 931 4016 l)
947 3953 1203 4018 etquer'ntrr'eentue.

98 4031 122 4094 1)
138 4033 161 4081 L
176 4029 260 4082 addit:
279 4031 314 4080 Et
327 4032 361 4097 ſse
378 4031 436 4082 else
451 4033 547 4102 multe.
755 4035 795 4099 m)
813 4035 1011 4100 quandoquidem
1030 4051 1099 4100 eque
1115 4038 1253 4103 particule

68 4111 144 4177 ludes.
159 4114 247 4178 uersus
265 4129 348 4164 omnes
362 4125 457 4182 partes
474 4126 617 4169 morentur.
750 4117 781 4182 n)
796 4117 818 4182 [ι’
835 4133 912 4182 equa·
1047 4119 1076 4184 ο)
1094 4121 1253 4172 colrsieatur.

98 4197 128 4261 p)
146 4198 344 4262 quaquaversus.
471 4200 502 4264 q)
520 4201 540 4250 L
558 4199 615 4250 add.
630 4199 697 4264 fiee,
715 4199 780 4263 quod
798 4201 862 4251 idem
881 4201 920 4265 est,
938 4201 987 4254 uim
1006 4203 1100 4254 debere
1117 4203 1255 4268 classicam.

99 4279 127 4342 r)
144 4280 202 4344 quid
220 4282 264 4331 lrue
281 4282 421 4348 exemplum
439 4283 520 4348 refice
532 4283 633 4348 faciat.
700 4282 728 4348 s)
748 4283 849 4348 affequr'.
917 4285 943 4349 t)
963 4284 1091 4336 Lomittit
1104 4286 1252 4351 ssueclreul.

99 4361 129 4430 ν)
145 4365 241 4428 quando
251 4375 340 4431 eorpus
350 4365 376 4414 se
382 4363 461 4432 fluido
471 4365 504 4436 <a
514 4379 559 4430 quo
569 4367 731 4434 undequaque
741 4365 902 4432 aecingitur)
914 4376 1037 4418 moretur.
1103 4369 1137 4438 x)
1148 4370 1183 4424 sn.
