2926 4896
224 374 261 440 14
666 355 870 433 Epistola
910 311 975 416 Vl.¹

219 534 299 597 Nitri
318 552 379 596 non
400 533 456 596 effe
476 551 577 598 revera
596 533 732 610 Nitrum,
753 551 849 612 neque
870 533 980 610 absque
1002 551 1060 610 ope
1081 533 1146 596 salis
1166 532 1292 597 lixiviofi
1321 533 1406 610 polle

220 650 257 710 ad
287 646 500 709 consistentiam
530 645 650 721 reduci,
681 663 777 722 neque
807 644 841 728 a)
880 645 1078 724 crystallisari3
1110 647 1158 710 vel
1188 648 1224 707 ad
1254 645 1407 708 minimum
1436 661 1437 702 r

220 760 421 837 requirebatur
440 758 606 836 inquirere,
627 775 664 818 an
683 755 749 818 salis
769 756 838 833 lixi,
860 775 924 834 quae
947 757 977 818 in
998 756 1151 820 crucibulo
1173 772 1291 833 manet,
1314 777 1407 834 quan-

219 872 290 935 titas
321 870 432 948 semper
462 873 562 932 eadem
594 889 632 931 err
662 870 761 931 eadem
793 869 959 946 quantitate
989 868 1090 944 Nitri,
1118 885 1150 930 et
1176 887 1214 931 err
1241 869 1353 947 majore
1375 871 1406 950 b)

220 988 376 1049 secundum
406 983 629 1062 proportionem
661 982 830 1061 reperiatur.
869 982 909 1042 Et
942 985 1023 1058 quod
1051 985 1088 1045 ad
1116 981 1146 1043 id
1172 981 1300 1058 attinet,
1321 985 1407 1059 quod
1437 978 1438 1032 ῗ

219 1099 391 1160 Clariliimus
411 1098 467 1158 Vir
485 1097 514 1176 c)
535 1096 577 1158 ait
598 1095 688 1176 (Sed.
698 1095 743 1174 9.)
763 1094 794 1156 se
815 1113 874 1171 ope
894 1093 1000 1156 libellae
1021 1093 1256 1171 deprehendille,
1273 1108 1304 1156 et
1316 1095 1406 1156 eriam

219 1214 301 1289 quod
330 1211 524 1272 Phaenomena
553 1207 679 1285 Spiritus
709 1205 790 1268 Nitri
820 1209 895 1270 adeo
926 1205 983 1267 srnt
1013 1205 1147 1284 diversa,
1178 1207 1237 1270 imo
1270 1211 1406 1285 quaedam

219 1323 364 1384 contraria
392 1320 596 1382 Phaenomenis
626 1319 715 1397 ipfius
746 1318 826 1381 Nitri
847 1319 902 1397 d);
933 1318 1022 1394 nihil,
1043 1337 1108 1380 meo
1130 1317 1247 1395 quidem
1265 1318 1406 1396 judicio,

219 1434 331 1496 faciunt
351 1437 388 1495 ad
408 1433 633 1494 confirmandam
654 1430 718 1508 ejus
739 1428 965 1492 conclusronem.
1006 1430 1097 1515 Quod
1117 1445 1152 1492 ut
1173 1446 1333 1508 appareat,
1355 1431 1406 1508 id,

218 1547 300 1622 quod
321 1544 549 1620 simpliciffimum
570 1543 698 1604 occurrit
709 1544 747 1605 ad
762 1543 820 1604 hoc
830 1543 858 1622 e)
881 1544 917 1603 de
938 1541 1186 1624 redintegratione
1206 1541 1288 1604 Nitri
1309 1543 1405 1618 expli·

218 1659 362 1735 candum,
391 1657 494 1734 paucis
525 1674 691 1732 exponam;
721 1655 862 1734 iimulque
890 1657 951 1717 duo
981 1669 1032 1716 aut
1053 1654 1110 1716 tria
1130 1654 1330 1732 experimenta
1354 1659 1405 1716 ad-

218 1771 336 1831 modum
357 1768 452 1830 facilia
473 1767 646 1847 adjungam,
667 1767 775 1844 quibus
795 1767 859 1828 haec
863 1767 906 1847 f)
928 1766 1088 1844 explicatio
1108 1767 1207 1845 aliquo
1226 1770 1316 1829 modo
1330 1786 1405 1829 con·

217 1882 353 1942 firmatur.
394 1881 440 1941 Ut
460 1877 560 1955 itaque
580 1878 639 1939 hoc
665 1879 885 1940 Phaenomenon
913 1896 1000 1955 quam
1021 1876 1217 1954 iimpliciffime
1238 1877 1406 1955 explicem,

218 1993 324 2056 nullam
356 1991 438 2052 aliam
469 1990 662 2052 differentiam
693 1991 770 2052 inter
799 1990 938 2066 Spiritum
958 1989 1038 2052 Nitri
1061 2007 1092 2050 et
1111 1990 1205 2066 ipsum
1225 1991 1344 2052 Nitrum
1365 1995 1404 2070 g)

219 2123 341 2182 ponam,
361 2118 552 2181 praeterquam
574 2122 651 2180 eam,
671 2122 737 2181 quae
758 2102 827 2164 saris
842 2102 884 2163 est
902 2101 1065 2178 martifesta;
1085 2101 1161 2163 hanc
1182 2101 1406 2180 scilicet,quod

218 2215 368 2291 particula
389 2215 477 2292 hujus
497 2213 664 2293 quiescant,
691 2215 769 2278 illius
797 2232 867 2279 vero
889 2233 950 2276 non
971 2233 1071 2291 pamm
1091 2214 1248 2276 concitatae
1269 2214 1304 2295 la)
1327 2214 1406 2276 inter

219 2327 278 2388 sese
299 2327 455 2406 agitentur.
495 2327 535 2387 Et
556 2328 646 2388 fixum
666 2326 707 2388 sal
727 2330 809 2404 quod
830 2327 955 2401 attinet,
974 2326 1005 2388 id
1026 2325 1098 2386 nihil
1119 2327 1214 2387 facere
1236 2329 1272 2387 ad
1294 2327 1405 2388 consti·

219 2442 357 2501 ruendam
386 2437 532 2500 eilentiam
560 2437 639 2500 Nitri
659 2439 686 2518 r)
714 2438 894 2514 supponam;
915 2437 965 2499 sed
986 2437 1078 2514 ipsum
1100 2453 1135 2500 ut
1156 2439 1189 2517 l)
1212 2440 1299 2499 faeces
1322 2438 1404 2500 Nitri

216 2551 427 2627 confiderabo,
447 2570 463 2611 a
485 2550 592 2627 quibus
614 2568 710 2627 neque
730 2550 792 2626 ipse
812 2549 930 2626 spiritus
955 2550 1034 2612 Nitri
1056 2551 1106 2628 (ut
1125 2551 1255 2631 reperio)
1277 2552 1306 2631 Ι)
1328 2551 1406 2612 libe-

216 2675 305 2738 ratur,
331 2660 381 2724 sed
408 2661 479 2740 ipsi,
506 2659 639 2739 quamvis
661 2660 831 2739 confricta,
853 2661 921 2722 satis
943 2660 1063 2737 copiose
1085 2661 1219 2722 innatant
1238 2663 1290 2742 m).
1333 2664 1404 2724 Hoc

215 2771 255 2833 sal
265 2817 275 2848 ‚
296 2773 355 2836 five
376 2773 421 2834 hae
442 2774 545 2850 faeces,
565 2791 656 2850 poros
676 2773 736 2837 live
757 2789 871 2836 meatus
890 2774 1000 2836 habent
1021 2789 1183 2838 excavaros
1195 2778 1231 2836 ad
1241 2773 1404 2838 mensuram

215 2884 420 2962 particularum
450 2883 531 2946 Nitri
551 2884 594 2963 n).
634 2885 694 2947 Sed
724 2885 756 2949 vi
787 2885 883 2965 ignis,
903 2887 972 2948 dum
993 2887 1022 2967 o)
1054 2887 1204 2962 particule
1226 2886 1344 2948 nitrosae
1366 2908 1405 2950 err

150 3035 153 3041 -
214 2997 283 3073 ipsis
303 2997 540 3074 expellebantur,
560 2996 678 3074 quidam
699 2997 881 3078 angustiores
902 2997 1057 3062 evaserunt
1064 3044 1075 3077 ,
1095 3015 1126 3061 et
1147 3018 1199 3076 per
1218 2998 1404 3078 consequens

215 3107 264 3170 alii
284 3107 398 3169 dilatari
419 3109 618 3188 cogebantur,
638 3124 669 3170 et
688 3109 752 3186 ipsa
770 3109 947 3188 substantia,
967 3109 1026 3175 srve
1050 3111 1178 3188 parietes
1198 3113 1303 3175 borum
1324 3133 1403 3176 mea-

215 3237 298 3285 tuum
308 3268 319 3299 ,
337 3220 452 3302 rigidae,
472 3237 504 3282 et
524 3221 604 3284 iimul
625 3223 780 3286 admodum
801 3222 918 3302 fragiles
938 3225 1148 3302 reddebantur;
1169 3224 1312 3304 ideoque,
1333 3245 1402 3288 cum

214 3333 340 3410 Spiritus
360 3333 440 3395 Nitri
460 3333 513 3411 ipli
533 3333 768 3416 instillaretur,p)
790 3339 923 3414 quaedam
941 3335 1030 3414 ipsrus
1047 3339 1198 3415 particula
1209 3357 1262 3416 per
1272 3341 1402 3420 angusti-

215 3463 281 3507 ores
300 3436 367 3507 illos
387 3447 500 3509 meanis
520 3447 632 3523 impetu
650 3446 680 3508 se
702 3447 847 3511 inlinuare
868 3449 1057 3528 inceperunt,
1077 3467 1107 3512 et
1114 3452 1163 3531 p),
1183 3470 1250 3513 cum
1270 3451 1397 3528 ipsarum

214 3555 349 3618 craliities
369 3556 419 3636 (ut
439 3578 455 3620 a
476 3557 606 3621 Carteiio
627 3579 688 3622 non
709 3563 781 3622 male
802 3563 1027 3643 demonstratur)
1048 3563 1083 3624 stt
1104 3563 1273 3642 inaequalis,
1294 3583 1397 3627 eorum

246 3861 280 3927 a)
310 3861 371 3928 five.
568 3863 598 3930 b)
631 3865 734 3932 majori.
932 3867 960 3933 a)
994 3868 1027 3921 el.
1043 3878 1130 3920 sutor.

247 3944 281 4010 d)
314 3945 418 4011 dinosa
437 3946 469 3997 ab
488 3946 545 4013 ipfir
562 3949 628 3998 nitri
646 3949 693 4000 into
712 3951 823 4016 quadam
840 3951 991 4004 contraria·

248 4031 276 4093 e)
309 4028 347 4079 ad
363 4027 586 4092 lrocsaerrotuenott.
671 4031 708 4097 f)
725 4033 863 4098 adseram,
879 4035 967 4098 quibus
984 4050 1050 4087 mea.
1136 4037 1171 4104 g)
1189 4038 1285 4089 nitran
1303 4040 1402 4107 ipsum.

248 4109 280 4175 lt)
313 4112 450 4162 concitare.
548 4113 573 4178 a)
596 4130 621 4178 q.
636 4123 704 4178 arn,
720 4116 788 4167 nibil
805 4116 842 4168 ad
857 4117 985 4184 efferatiatrt
1002 4119 1068 4170 tritri
1085 4121 1279 4185 constituendam
1293 4123 1401 4188 facere.

248 4193 278 4257 lr)
314 4194 477 4260 tanqusms.
494 4209 519 4245 rr.
531 4197 588 4260 jam
605 4197 673 4263 cons.
788 4199 814 4264 1)
831 4200 1024 4268 a.q.(strep.)
1038 4216 1117 4268 neque
1129 4203 1184 4270 ipse
1193 4204 1270 4271 spat.
1277 4206 1397 4272 prorsus.

246 4274 287 4341 tn)
311 4277 425 4341 quamtis
442 4279 573 4329 admodum
591 4280 745 4345 ransmissa
844 4282 876 4348 n)
894 4284 972 4334 babet
989 4284 1026 4335 ad
1041 4301 1074 4336 nr.
1088 4298 1117 4353 p.
1135 4301 1161 4336 rr.
1179 4301 1269 4340 exeam

247 4357 276 4426 o)
310 4359 480 4410 domincum
498 4373 629 4414 muratum.
791 4365 826 4432 p)
845 4374 871 4415 et
888 4367 998 4431 quadam
1017 4399 1024 4418 .
1041 4401 1050 4418 .
1066 4401 1075 4418 .
1092 4369 1247 4436 inciperent.
