2926 4896
207 325 246 391 28
645 325 849 400 Epistola
880 325 947 385 Vll.

208 501 323 577 stolam,
345 501 374 562 in
396 502 493 580 Boylii
513 501 616 563 librum
638 505 725 564 docle
748 501 1043 576 animadvertentem,
1065 499 1176 575 accepi.
1198 499 1261 576 lpse
1277 499 1393 560 Autior

209 631 265 673 una
294 631 404 674 mecum
433 612 570 674 maximas
599 613 653 674 tibi
683 631 737 688 pro
766 612 1008 674 meditationibus
1039 611 1262 672 communicatis
1283 609 1392 690 gratias

206 723 283 804 agit,
304 724 392 802 idque
414 725 501 788 citius
523 725 719 805 significasset,
741 723 792 786 nist
814 744 878 786 eum
901 723 966 801 spes
986 723 1123 786 tenuisset
1131 723 1180 799 ,se
1192 722 1394 802 negotiorum,

208 836 316 914 quibus
338 853 491 913 oneratur,
520 839 595 899 mole
625 855 682 899 tam
704 837 788 899 brevi
810 837 951 914 temporis
972 836 1067 913 spatio
1090 834 1215 912 potuisse
1234 835 1343 909 levari,
1365 849 1396 895 et

208 971 266 1014 una
294 971 359 1014 cum
387 951 486 1031 gratiis
509 949 595 1012 etiam
618 951 834 1028 responsionem
855 950 934 1012 suam
954 952 1055 1012 eadem
1077 967 1166 1024 opera
1187 945 1328 1024 potuisset
1351 965 1396 1008 re-

207 1064 332 1126 mittere.
373 1065 482 1126 Verum
511 1062 586 1125 enim
616 1081 688 1126 vero
718 1061 768 1139 spe
796 1061 846 1124 sua
875 1062 902 1124 se
929 1063 1068 1124 hadenus
1096 1061 1259 1124 frustratum
1288 1058 1397 1134 sentit,

207 1175 335 1254 negotiis
366 1191 427 1237 tum
459 1174 587 1251 publicis
618 1190 680 1236 tum
713 1174 836 1250 privatis
868 1194 933 1236 eum
955 1174 996 1236 ita
1018 1173 1262 1250 distrahentibus,
1283 1187 1318 1232 ut
1340 1173 1397 1231 hac

209 1286 274 1350 vice
296 1285 355 1347 non
377 1286 428 1348 nist
449 1302 561 1366 gratum
582 1286 665 1349 suum
686 1286 811 1348 animum
833 1286 889 1348 tibi
910 1286 1006 1348 testari
1027 1301 1135 1364 queat;
1162 1286 1240 1348 suam
1263 1303 1335 1346 vero
1359 1287 1397 1344 de

209 1401 300 1464 Notis
330 1401 389 1463 tuis
420 1401 591 1462 sententiam
618 1401 647 1460 in
670 1401 749 1462 aliud
780 1415 896 1476 tempus
928 1400 1043 1461 differre
1075 1412 1208 1476 cogatur.
1249 1394 1397 1467 Accedit,

210 1515 293 1590 quod
319 1516 380 1576 duo
407 1511 574 1575 Adversarii
601 1511 716 1588 scriptis
745 1509 857 1574 excusis
886 1489 952 1574 eum
982 1511 1049 1574 sunt
1077 1509 1191 1583 adorti,
1213 1507 1341 1584 quibus,
1364 1519 1397 1566 ut

211 1623 304 1700 primo
335 1643 456 1702 quoque
487 1641 619 1700 tempore
651 1624 844 1700 respondeat,
877 1623 1043 1684 obstricium
1076 1619 1105 1681 se
1136 1619 1300 1681 arbitratur.
1353 1619 1397 1678 Ea

211 1754 283 1800 veto
303 1737 417 1813 Scripta
439 1755 499 1797 non
521 1737 550 1797 in
574 1737 860 1798 commentationem
883 1739 918 1798 de
939 1735 1048 1810 Nitro,
1069 1735 1118 1795 sed
1139 1733 1169 1793 in
1190 1731 1319 1792 libellum
1331 1730 1399 1808 ejus

211 1848 313 1923 alium,
339 1848 547 1925 Experimenta
575 1849 763 1910 Pneumatica
791 1847 934 1925 narisque
954 1849 1099 1908 Elaterem
1119 1843 1276 1922 probantia
1297 1843 1398 1903 conti-

210 1975 345 2034 nentem,
367 1959 526 2023 vibrantur.
568 1959 788 2041 Quamprimum
810 1959 960 2020 laboribus
983 1957 1061 2018 bisce
1083 1956 1111 2018 se
1134 1954 1338 2033 expediverit,
1361 1957 1399 2015 de

211 2072 272 2132 tuis
291 2071 379 2134 etiam
399 2072 636 2148 Exceptionibus
665 2087 789 2133 mentem
812 2071 890 2133 suam
912 2071 968 2132 tibi
990 2070 1117 2146 aperiet;
1139 2086 1169 2131 nt
1190 2069 1302 2130 interea
1322 2083 1399 2128 tem-

212 2180 292 2256 poris
313 2198 413 2262 rogat,
435 2201 470 2243 ne
492 2200 601 2244 moram
620 2182 696 2244 hanc
718 2182 824 2244 smistre
846 2180 1054 2258 interpreteris.

251 2292 414 2374 Collegium
442 2297 514 2358 illud
542 2295 833 2373 Philosophantium,
854 2298 890 2357 de
912 2313 972 2373 quo
996 2315 1092 2358 coram
1115 2297 1194 2371 apud
1214 2309 1245 2355 te
1269 2291 1400 2354 mentio·

213 2425 277 2468 nem
306 2406 476 2484 injeceram,
500 2408 560 2484 jam
589 2408 681 2487 Regis
702 2408 791 2470 nostri
813 2407 904 2487 gratia
927 2408 956 2469 in
978 2406 1156 2470 Societatem
1179 2406 1303 2486 Regiam
1325 2424 1394 2466 con-

213 2519 325 2582 versum
347 2520 404 2595 est,
424 2520 604 2597 publicoque
625 2520 796 2596 Diplomate
825 2521 984 2596 munitum,
1007 2539 1067 2597 quo
1089 2519 1142 2596 ipsr
1163 2519 1283 2600 infignia
1304 2516 1400 2578 Privi-

211 2630 286 2709 legia
314 2634 533 2706 conceduntur,
562 2633 687 2709 spesque
709 2631 823 2710 egregia
845 2631 1048 2707 suppeditatur
1069 2630 1212 2693 reditibus
1233 2628 1401 2691 necessariis

212 2742 242 2802 id
264 2741 355 2818 ipsum
376 2743 587 2818 locupletandi.

254 2853 381 2914 Omnino
403 2853 581 2916 consulerem
602 2855 672 2930 tibi,
692 2871 742 2932 ut,
763 2875 828 2932 qua
850 2874 905 2932 pro
926 2855 1035 2936 ingenii
1056 2856 1101 2918 tui
1123 2854 1280 2934 sagacitate
1301 2855 1402 2929 dode,

214 2981 276 3026 tum
297 2965 327 3026 in
348 2966 563 3042 Philosophicis
585 2983 647 3028 tum
667 2967 877 3047 Theologicis,
899 2967 1095 3044 concinnasti,
1113 2967 1217 3030 Doslis
1239 2985 1299 3028 non
1321 2967 1401 3029 invi-

214 3081 301 3154 deas,
321 3077 418 3141 sedin
437 3078 586 3156 publicum
609 3080 725 3155 prodire
747 3078 836 3156 linas,
857 3081 999 3158 quicquid
1017 3078 1223 3160 Theologastri
1240 3080 1401 3159 oggannlre

213 3191 354 3268 poterint.
396 3191 555 3254 Liberrimu
584 3193 625 3253 est
653 3193 830 3270 Respublica
858 3194 968 3268 vestra,
996 3192 1139 3254 liberrime
1160 3193 1190 3253 in
1212 3211 1246 3253 ea
1267 3191 1401 3269 philoso-

213 3305 375 3381 phandum:
405 3322 456 3368 tua
484 3305 599 3367 interim
628 3304 716 3381 ipllus
745 3306 901 3381 prudentia
929 3307 983 3367 tibi
1005 3305 1155 3386 suggeret,
1177 3321 1211 3367 ut
1232 3321 1400 3380 conceptus

213 3432 282 3479 tuos
313 3433 452 3495 tuamque
483 3417 674 3494 sententiam,
705 3436 791 3494 quant
824 3417 936 3494 poteris
968 3417 1183 3493 modestissime,
1216 3418 1339 3492 prodas,
1362 3419 1400 3476 de

213 3527 326 3604 reliquo
354 3545 493 3590 eventum
521 3531 594 3591 Fato
624 3530 802 3592 committas.
843 3531 907 3610 Age
936 3530 1041 3610 igitur,
1063 3530 1117 3590 Vir
1140 3528 1269 3606 optime,
1288 3543 1399 3588 metum

214 3657 328 3700 omnem
360 3645 516 3718 expestora
547 3641 636 3702 nostri
668 3641 810 3718 temporis
840 3643 1054 3706 homunciones
1086 3642 1235 3718 irritandi;
1256 3640 1325 3703 satis
1347 3641 1398 3703 diu

213 3750 386 3830 ignorantia
404 3768 435 3812 et
453 3753 538 3832 nugis
559 3753 689 3830 litatum;
712 3757 777 3818 vela
799 3757 959 3831 pandamus
982 3771 1056 3816 verae
1075 3755 1219 3830 scientia,
1236 3756 1399 3815 etNaturae

214 3866 303 3940 adyta
324 3862 471 3940 penitius,
493 3883 579 3941 quam
600 3867 739 3928 hedenus
762 3867 886 3942 saelum,
907 3867 1075 3928 scrutemur.
1117 3865 1259 3943 Innoxie,
1280 3881 1399 3943 putem,

214 3975 421 4039 meditationes
443 3993 501 4038 tuae
523 3980 602 4054 apud
623 3999 679 4041 vos
701 3979 808 4042 excudi
830 3996 990 4057 poterunt,
1019 3999 1072 4041 nec
1094 3980 1183 4042 ullum
1204 3997 1302 4040 earum
1324 3979 1400 4039 inter

213 4088 367 4166 Sapientes
389 4089 599 4151 offendiculum
621 4095 789 4153 verendum.
811 4093 876 4152 Hos
898 4091 986 4170 igitur
1002 4092 1021 4152 st
1038 4093 1183 4153 Patronus
1204 4106 1234 4151 et
1256 4093 1399 4152 Fautores

214 4201 361 4264 inveneris
389 4201 437 4280 (ut
467 4201 586 4263 omnino
608 4218 637 4262 te
661 4203 847 4267 inventurum
878 4202 1044 4282 spondeo),
1065 4204 1137 4280 quid
1158 4205 1291 4264 Momum
1313 4204 1398 4282 igno-

215 4331 325 4378 rantem
348 4313 527 4376 reformides.
569 4317 639 4376 Non
662 4330 692 4378 te
714 4314 823 4380 millum
845 4315 966 4392 faciam,
993 4316 1096 4376 Amice
1117 4316 1305 4391 honorande,
1327 4317 1397 4392 quin
