2926 4896
223 372 261 440 3ο
653 353 857 437 Epistola
890 351 972 422 vul.

221 541 414 602 immemorem
436 537 492 600 esse
514 553 619 615 putes,
639 537 765 598 animum
784 539 820 600 ad
837 535 922 598 hasce
953 535 1065 596 litteras
1097 533 1262 596 scribendas
1295 534 1412 610 appuli.

212 628 216 638 ⁴
264 650 441 730 [Collegium
472 653 554 728 quod
585 651 708 726 attinet,
739 669 776 710 eo
808 649 969 710 instituitur
1000 651 1106 710 modo:
1139 651 1227 711 Unus
1256 648 1321 726 (sed
1350 649 1412 710 suae

222 764 329 840 cuique
357 763 452 842 vices)
479 763 618 841 perlegit,
647 781 701 838 pro
727 761 780 824 suo
803 777 953 838 conceptu
973 762 1118 838 explicat,
1140 779 1288 840 porroque
1309 761 1413 822 omnia

221 875 414 951 demonstrat,
435 873 593 938 secundum
613 890 728 938 tuarum
750 874 984 952 propofitioraum
1005 874 1105 936 seriem
1128 893 1161 936 ac
1183 873 1411 949 ordinem3tum

222 987 394 1066 succidat,
421 1003 456 1050 ut
484 988 555 1050 alter
583 988 664 1049 alteri
685 986 851 1050 satisfacere
873 1006 934 1050 non
956 988 1058 1065 posit,
1079 1005 1177 1064 operae
1200 987 1326 1063 pretium
1350 987 1412 1046 esse

223 1103 375 1176 duximus,
397 1101 467 1164 illud
489 1116 646 1176 annotare,
668 1115 757 1178 atque
777 1103 814 1162 ad
836 1116 865 1162 te
888 1077 1026 1176 scribere,
1049 1099 1130 1174 ut,sr
1147 1099 1296 1176 poffibde,
1317 1099 1413 1160 nobis

224 1214 329 1276 clarium
354 1216 502 1289 reddatur,
530 1229 559 1275 et
588 1215 663 1276 duce
692 1229 721 1274 te
750 1228 854 1274 contra
878 1212 1074 1288 superstitiose
1096 1210 1247 1290 religiosos
1268 1211 1413 1272 Christia-

223 1327 336 1404 nosque
353 1326 506 1390 veritatem
524 1327 697 1401 defendere,
714 1342 777 1387 tum
795 1325 890 1387 totius
908 1324 1049 1402 impetum
1067 1324 1167 1387 mtandi
1177 1323 1248 1386 stare
1261 1325 1412 1402 pollimus.

223 1443 337 1524 Quare,
369 1458 434 1502 cum
466 1439 546 1514 prius
576 1438 794 1519 perlegentibus
825 1437 1099 1515 explicantibusque
1132 1437 1320 1499 definitiones
1347 1457 1411 1499 non

222 1570 324 1613 omnes
344 1553 432 1612 nobis
447 1539 534 1612 ⁴clarae
557 1550 751 1627 videbantur,
772 1568 833 1612 non
855 1551 931 1612 idem
953 1553 989 1612 de
1012 1566 1118 1611 natura
1136 1549 1412 1626 delinitionisjudi-

222 1667 298 1727 cium
319 1666 462 1742 tulimus]
482 1664 600 1726 Interim
622 1681 652 1725 te
674 1663 791 1726 absente
813 1665 965 1724 authorem
987 1665 1148 1740 quendam,
1169 1662 1410 1724 mathematicum

221 1778 298 1854 scil,
327 1778 378 1855 qui
402 1779 533 1839 Borellus
554 1778 569 1812 *
591 1792 733 1852 vocatur,
754 1776 970 1854 consuluimus3
991 1776 1037 1836 ille
1060 1779 1128 1838 dura
1152 1775 1335 1838 delinitionis
1358 1795 1411 1836 na-

223 1911 313 1970 turae,
334 1891 507 1968 axiomatis,
535 1906 564 1953 et
586 1889 724 1967 postulati
752 1890 928 1952 mentionem
951 1889 1039 1966 facit,
1060 1904 1150 1966 atque
1171 1888 1293 1950 aliorum
1315 1891 1353 1950 de
1377 1909 1413 1950 ea

222 2023 253 2065 re
284 2003 444 2064 sententias
474 2003 579 2064 adfert.
619 2001 711 2079 lpsrus
742 2019 813 2064 vero
845 2001 988 2064 sententia
1018 2000 1055 2062 src
1084 2001 1178 2062 sonat.
1218 1999 1414 2079 Definitiones

223 2115 399 2176 adhibentur
425 2119 457 2174 in
484 2115 716 2194 demonstratione
743 2128 776 2175 ut
799 2113 960 2194 preemiffae.
1004 2115 1102 2192 Quare
1121 2115 1222 2194 neceffe
1241 2115 1280 2194 esi
1298 2129 1334 2174 ut
1349 2115 1413 2192 fint

224 2230 372 2288 euidenter
397 2231 532 2303 cognitae,
558 2229 636 2288 alins
665 2231 787 2304 cognitio
809 2227 972 2306 scientifica
992 2230 1048 2305 [ιιι
1075 2228 1278 2309 euideuttffintu
1305 2247 1343 2286 ιιι
1369 2233 1413 2286 eis

224 2345 341 2419 acquiri
359 2360 413 2400 non
429 2340 529 2420 potest.
549 2340 620 2400 Alio
641 2341 724 2400 loco:
746 2341 815 2400 Nou
835 2353 952 2414 temere,
968 2340 1026 2416 sed
1042 2343 1171 2400 maxima
1191 2343 1320 2400 cautione
1339 2342 1414 2415 eligi

224 2455 303 2514 debet
324 2458 401 2514 ratio
417 2454 589 2533 strubittrae,
609 2465 662 2512 aut
683 2453 836 2531 effentiulis
853 2453 940 2533 paffio
957 2456 1059 2531 primu
1079 2465 1107 2512 et
1128 2452 1265 2534 notiffltua
1284 2453 1413 2526 alierujus

219 2567 351 2642 srebjedi
392 2568 472 2627 Natu
496 2566 523 2644 fi
546 2566 710 2643 constructo
737 2579 766 2624 et
789 2565 877 2646 pafflo
904 2569 1051 2624 nominata
1074 2564 1113 2642 [ι
1133 2565 1322 2646 impofflbiiit,
1343 2579 1415 2624 tunc

224 2697 278 2736 non
298 2679 434 2754 efficietur
454 2677 580 2757 definitio
594 2675 773 2754 scientifica,
795 2691 827 2735 ut
843 2675 870 2752 fi
892 2679 957 2753 quit
976 2677 1100 2736 diceret:
1125 2677 1200 2737 Duae
1221 2676 1303 2736 retia
1328 2677 1415 2736 lineae

218 2793 351 2870 spatium
381 2788 641 2869 comprehendentes
672 2803 809 2850 vocentur
837 2788 998 2868 figurales,
1037 2789 1121 2868 effent
1150 2789 1326 2868 definitiones
1356 2811 1415 2849 non

224 2907 345 2977 entium,
373 2917 400 2963 et
427 2902 620 2984 impefflbiles‚·
649 2914 677 2961 et
701 2907 856 2980 propterea
873 2905 970 2980 potius
990 2905 1160 2976 ignorantia
1182 2920 1268 2979 quant
1282 2904 1415 2977 scientia

224 3033 261 3074 ιιι
279 3019 318 3073 iis
338 3015 533 3074 deduceretur.
554 3015 666 3074 Deinde
676 3012 703 3091 ſs
712 3014 877 3092 constareilto
897 3027 951 3073 aut
967 3013 1055 3096 pufflo
1074 3017 1221 3074 nominata
1236 3013 1276 3091 fit
1296 3016 1415 3089 quidem

221 3126 356 3209 pofflbiiis
375 3140 403 3185 ιι
423 3145 513 3203 uera,
529 3125 587 3202 sed
604 3126 683 3186 nobis
703 3130 804 3201 ignota
824 3139 877 3186 aut
897 3125 1002 3200 dubia,
1031 3139 1097 3186 tuuc
1117 3127 1189 3184 bona
1209 3124 1336 3203 definitio
1356 3147 1416 3184 non

225 3243 300 3300 erit:
330 3240 410 3300 Nune
441 3238 619 3316 cottclufiones
649 3238 688 3298 ab
718 3243 813 3314 ignoto
845 3253 872 3299 et
902 3238 987 3297 dubio
1017 3251 1090 3298 orte
1117 3241 1234 3298 incerta
1254 3257 1364 3314 quoque
1386 3253 1415 3298 ιι

225 3352 317 3412 dubiae
337 3365 439 3425 erunt,
460 3365 487 3411 et
507 3352 568 3410 ideo
583 3352 775 3429 suspicionem
804 3364 858 3410 aut
877 3355 1049 3430 opinionem,
1070 3369 1125 3410 non
1144 3364 1240 3409 autent
1254 3351 1416 3424 scientiam

223 3479 330 3525 certant
350 3461 483 3541 efferent.
519 3465 548 3524 A
570 3462 654 3539 cujus
678 3463 819 3538 opinione
841 3461 987 3524 dissentire
1009 3463 1127 3524 videtur
1146 3463 1337 3539 Tacquet**,
1358 3463 1414 3538 qui

227 3588 358 3634 autumat
381 3592 419 3634 ex
440 3574 512 3634 falso
535 3574 729 3650 pronuntiato
752 3573 858 3636 directe
880 3577 916 3636 ad
938 3592 1034 3635 veram
1052 3573 1267 3635 conclusionem
1286 3574 1414 3650 procedi

224 3683 322 3760 posse,
344 3685 388 3745 uti
409 3685 464 3745 tibi
486 3701 599 3746 notum.
641 3684 762 3747 Clanius
785 3704 874 3761 vero,
902 3686 987 3763 cujus
1010 3686 1097 3748 etiam
1120 3687 1291 3748 sententiam
1315 3686 1414 3747 intro-

224 3797 323 3872 ducit,
345 3793 381 3856 src
403 3796 491 3858 sentit
508 3798 571 3876 *βε
593 3797 781 3878 Definitiones
796 3799 870 3875 sunt
889 3803 968 3858 artis
988 3799 1143 3875 νιιιιιιιὶι,
1164 3819 1252 3876 neqree
1271 3812 1341 3877 opus
1363 3800 1415 3877 ess,

258 3967 271 3994 *
306 3965 348 4032 Jo.
365 3965 442 4028 Alpb.
458 3965 587 4026 Borellus,
604 3962 675 4027 errius
693 3963 728 4015 ell
746 3965 861 4017 Euclides
878 3965 1032 4028 Restitutus,
1049 3964 1126 4016 Paris.
1145 3964 1216 4028 1658.

259 4049 286 4078 ⁸*
322 4045 379 4097 Post
404 4047 511 4098 Andreae
538 4047 651 4111 Tacquet
677 4049 805 4099 Elementa
831 4049 982 4100 Geornetriae
1001 4049 1081 4112 planae
1098 4063 1127 4099 ac
1143 4047 1244 4108 solidae,
1260 4049 1415 4112 Antverpiae

229 4129 306 4192 1654,
324 4129 459 4194 Appendia
477 4129 589 4197 legitur,·
600 4147 650 4194 qua
667 4129 851 4183 demonstratur
868 4147 900 4182 ex
918 4129 978 4183 salso
1003 4129 1072 4196 poll'e
1090 4129 1184 4182 diret‘le
1202 4129 1291 4181 deduci
1311 4145 1415 4184 veruur.

259 4215 301 4274 Ψ
337 4215 364 4263 1η
392 4213 503 4264 Euclidis
529 4215 617 4264 Rornae
642 4229 708 4265 anno
738 4217 811 4283 1589.
836 4214 896 4266 editi
924 4229 943 4266 t.
960 4217 988 4276 1,
1006 4232 1031 4279 p.
1048 4228 1088 4278 27.
1115 4217 1168 4265 baec
1194 4226 1290 4265 tanturn
1319 4217 1415 4266 inaltet:

226 4295 455 4362 (Definitionibus)
482 4299 606 4348 vocabula
632 4298 692 4349 artis
718 4298 894 4362 explicantur,
920 4313 952 4348 ue
970 4298 996 4348 in
1014 4295 1163 4349 tractatione
1190 4295 1259 4360 ipsa,
1277 4297 1414 4350 nominum

225 4377 387 4444 ambiguitate
404 4392 447 4429 aut
465 4379 616 4430 obscuritate
634 4379 799 4431 circumventi
818 4381 842 4430 in
862 4380 1039 4446 paralogismos
1057 4381 1203 4432 incidamus.
