2922 4894
188 371 256 422 vin

186 557 339 607 ceterum
361 537 508 624 pro'stant
532 539 632 604 libelli
656 537 814 605 editiones
838 538 1040 606 Germanice
1065 557 1098 606 et
1122 539 1271 623 Gallica,
1294 559 1375 623 quas

186 679 383 728 curaverunt
406 662 469 728 viri
492 659 657 727 dosiissimi
680 661 838 750 Sigwart,
862 657 1139 743 Schaarschmidt,
1157 660 1265 747 Janet.

230 784 392 867 Principia
416 780 620 865 Cartesrana‚
643 781 869 870 Cogitationes
903 780 1158 867 Metaphysrcae,
1180 783 1309 849 libellus
1332 782 1374 849 de

185 903 287 985 Iride,
317 924 357 970 ex
388 902 586 970 editionibus
617 903 815 986 principibus
847 903 985 987 repetita
1005 900 1091 970 sunt.
1137 902 1248 989 Hujus
1271 923 1376 986 quum
1449 881 1450 884 Ἴ

185 1027 252 1094 duo
286 1025 478 1110 exemplaria
521 1025 749 1108 innotuerint,
783 1024 955 1113 Haganum
997 1044 1123 1108 unum,
1162 1027 1300 1092 alterum
1340 1028 1374 1092 in

186 1147 383 1216 bibliotheca
421 1146 466 1213 D.
488 1146 634 1213 *Bierens
668 1145 709 1212 de
744 1144 839 1212 Haan
878 1146 1057 1212 matheseos
1098 1145 1304 1232 professoris,
1338 1149 1374 1214 in

186 1288 328 1352 utroque
350 1287 502 1352 tanquam
525 1268 735 1352 appendicem
757 1269 941 1335 invenimus
964 1286 1165 1356 programma
1187 1267 1372 1351 quoddam,

143 1455 144 1462 q
189 1405 227 1454 ut
250 1406 329 1454 tunc
352 1386 581 1471 loquebantur,
603 1386 643 1452 ad
666 1385 887 1453 Probabilium
905 1389 1067 1453 calculum
1088 1387 1373 1471 pertinens,quod

187 1525 222 1576 et
243 1506 348 1594 ipsum
371 1509 522 1592 Spinozae
548 1507 776 1576 vindicandum
799 1509 960 1578 duximus.

232 1644 473 1728 Compendium
516 1645 750 1713 Grammatices
791 1646 928 1736 Linguae
968 1645 1117 1712 Hebraeae
1151 1645 1375 1731 imperfedbum

186 1767 309 1833 mendis
332 1769 536 1850 inquinatum
557 1787 626 1834 erat
645 1769 766 1835 nemini
785 1771 838 1834 vel
858 1769 958 1836 tironi
978 1767 1171 1849 tolerandis,
1191 1767 1376 1851 quibusque

188 1889 362 1979 purgandis
392 1891 449 1955 vix
477 1910 608 1956 manum
640 1890 849 1956 admoverant
880 1906 936 1955 aut
966 1889 1085 1954 Paulus
1117 1909 1174 1954 aut
1195 1888 1376 1955 Bruderus.

189 2012 236 2077 Et
270 2031 464 2095 quamquam
496 2012 589 2078 nobis
619 2010 761 2093 constat,
799 2013 962 2078 au'dlorem
992 2013 1026 2077 in
1058 2012 1142 2077 libro
1176 2011 1376 2076 absolvendo

190 2135 347 2199 nonnulla
376 2154 449 2217 quae
478 2132 643 2218 scripsisset
674 2117 869 2200 accuratius*
885 2132 1104 2226 eapress'urum
1130 2131 1246 2214 fuiss'e,
1269 2149 1377 2197 tamen

191 2255 387 2322 emendanda
416 2257 603 2340 putavimus
633 2277 706 2340 quae
736 2258 791 2322 ille
814 2277 854 2322 ne
877 2255 1054 2322 dormitans
1085 2255 1217 2339 quidem
1240 2253 1378 2322 scribere

190 2375 355 2460 potuisset.
841 2367 847 2384 '

235 2513 398 2581 Volumen
432 2516 613 2582 ornandum
647 2517 831 2583 curavimus
865 2514 1048 2601 philosophi
1083 2517 1243 2603 imagine,
1279 2534 1377 2597 quam

188 2637 284 2722 Juxta
306 2637 449 2703 tabulam
471 2637 588 2720 pisiam
618 2637 942 2722 Guelpherbytanam
964 2658 982 2703 e
1004 2637 1093 2703 Petri
1121 2637 1250 2701 Francii
1272 2632 1378 2718 supel-

190 2759 288 2824 lesiili
311 2777 525 2842 comparatam
549 2757 716 2844 exsculpsit
740 2759 857 2826 artifex
887 2758 1114 2826 sollertissimus
1136 2758 1172 2824 P.
1192 2758 1223 2845 J.
1246 2755 1378 2823 Arend·

192 2900 262 2945 zen.
309 2879 431 2946 Eadem
463 2880 573 2946 tabula
604 2880 677 2946 solis
707 2900 768 2965 ope
800 2879 940 2964 expressa
971 2877 1072 2946 exstat
1102 2881 1136 2945 in
1166 2879 1252 2945 libro
1277 2877 1378 2943 modo

190 3000 324 3068 laudato
347 3003 409 3067 viri
432 3001 597 3069 dodlissimi
632 3002 832 3069 Martineau.
855 3001 1023 3068 Paulinam
1046 3021 1144 3082 vero,
1167 3021 1264 3083 quam
1286 3021 1377 3066 nunc

191 3125 323 3190 exhibet
357 3122 511 3190 Museum
545 3125 688 3191 civitatis
723 3124 885 3214 Haganae‚
920 3145 960 3190 ex
994 3125 1047 3190 illa
1082 3123 1247 3206 aliquanto
1268 3124 1379 3188 minus

190 3245 330 3312 feliciter
353 3245 541 3330 exscriptam
564 3245 626 3312 eise
645 3245 793 3332 judicant
817 3247 894 3312 artis
918 3247 1026 3329 periti.
1060 3245 1211 3331 Figuram
1234 3263 1380 3311 veterem

193 3388 332 3450 aeneam,
353 3389 426 3451 quae
450 3371 483 3434 in
507 3367 700 3452 quibusdam
735 3368 882 3452 Operum
916 3366 1144 3433 Postumorum
1167 3366 1321 3450 exemplis
1344 3385 1379 3432 et

193 3491 227 3554 in
261 3491 346 3555 libro
380 3489 592 3556 Polloclriano
627 3491 811 3571 invenitur,
846 3488 886 3554 ab
921 3488 1030 3554 eadem
1059 3487 1217 3576 originem
1250 3488 1380 3552 trahere

192 3610 397 3688 existimant,
420 3613 568 3678 nonnihil
592 3611 725 3677 mutatis
748 3613 968 3695 lineamentis,
990 3631 1058 3694 quo
1080 3611 1290 3680 maturiorem
1313 3611 1381 3675 viri

193 3749 319 3798 aetatem
343 3752 376 3799 et
399 3751 541 3799 teneram
563 3733 781 3799 valetudinem
804 3735 918 3800 melius
940 3733 1086 3799 referret.
1108 3731 1281 3798 Parvulam
1299 3753 1380 3798 vero

192 3856 347 3940 pifiuram
377 3854 582 3935 Gothanam,
613 3877 685 3939 quae
716 3857 866 3944 evulgata
895 3853 942 3920 est
970 3855 1005 3920 in
1036 3855 1272 3938 Supplemento
1295 3853 1380 3920 Am-

192 3973 358 4042 stelodami
381 3999 407 4042 a
436 3976 640 4042 radamiro
671 3993 704 4042 et
731 3977 764 4042 in
789 3973 945 4059 opusculo
968 3974 1097 4042 Danico
1121 3975 1257 4041 Haraldi
1281 3975 1381 4041 Hoff·
1449 3987 1450 3990 ’

192 4099 269 4186 ding
291 4119 320 4166 c.
346 4117 370 4166 t.
394 4100 538 4185 Spinozas
561 4097 623 4165 Liv
645 4119 685 4190 og
709 4098 795 4164 Lare
823 4095 983 4181 (Havniae
1009 4097 1145 4182 1877.),
1164 4097 1231 4182 iam
1253 4094 1380 4162 constat

193 4239 258 4284 non
282 4218 383 4285 nostri
407 4218 460 4285 sed
491 4218 730 4287 Tschirnhaufii
760 4219 828 4285 fere
852 4221 983 4286 vultum
1006 4219 1202 4304 exprimere,
1227 4234 1264 4283 ut
1287 4235 1320 4284 et
1344 4221 1378 4283 in

192 4341 312 4431 Anglia
346 4341 506 4427 quandam
540 4341 756 4432 Oldenburgii
789 4362 849 4426 pro
879 4343 1031 4427 Spinozae
1064 4341 1203 4430 imagine
1236 4338 1379 4406 habitam
