2926 4896
200 357 239 424 54
633 343 836 418 Epistola
867 343 948 402 XIV.

198 520 271 579 infra
294 517 471 594 superficiem
493 517 583 594 aquae'
597 516 638 576 ibi
660 531 829 593 contentae,
850 517 1003 592 depellere.
1035 516 1253 594 Relinquantur
1273 517 1304 579 in
1325 519 1389 579 hoc

198 629 274 690 liatu
295 630 354 690 duo
378 629 553 690 vasculaad
574 643 690 706 tempus
713 628 800 691 unius
821 627 978 694 alteriusve
998 628 1075 705 diei,
1093 634 1157 690 aere
1175 629 1337 692 identidem
1349 649 1392 692 ex

119 786 126 804 ,
186 741 278 816 ⁸dicio
300 739 475 815 Recipiente
496 740 605 802 crebris
626 739 878 801 exantlationibus
900 755 1056 803 evacuato.
1082 741 1161 803 Tum
1183 741 1350 804 eximantur
1373 761 1390 802 e

133 851 138 859 '
199 851 393 928 Recipiente,
414 866 445 912 et
466 851 563 932 Phiala
579 853 608 912 A
624 853 770 927 repleatur
790 851 845 912 hac
866 869 959 927 aqua,
981 857 1044 913 a'e're
1065 852 1197 928 privata,
1216 853 1390 930 rursumque

197 963 361 1026 invertatur
381 963 411 1023 in
432 981 485 1025 vas
505 965 546 1039 B,
567 981 600 1024 ac
623 963 797 1039 Recipient'r
823 966 936 1025 denuo
952 978 1108 1042 utrumque
1130 982 1183 1027 vas
1210 965 1391 1028 includatur.

198 1073 348 1136 Exhausto
376 1073 480 1135 iterum
509 1073 686 1150 Recipiente
715 1092 767 1150 per
795 1074 911 1136 debitas
933 1074 1167 1151 exantlationes,
1189 1074 1392 1162 conspicietur

199 1187 276 1247 forte
304 1186 414 1246 bullula
443 1188 574 1262 quaedam
603 1205 640 1246 eu
669 1187 747 1247 collo
775 1186 882 1248 Phialae
905 1189 933 1246 A
955 1185 1127 1248 adscendere
1135 1169 1290 1264 ‚qoae'ad
1310 1187 1391 1250 sum·

199 1297 328 1358 mitatem
359 1315 524 1376 emergens,
555 1312 586 1357 et
618 1297 791 1359 continuata
824 1298 1026 1361 exantlarione
1056 1299 1176 1376 seipsam
1197 1302 1391 1376 expandens,

198 1409 307 1470 rursum
338 1427 452 1470 omnem
483 1409 611 1484 depellet
642 1427 745 1486 aquam
777 1427 815 1469 ex
847 1409 965 1486 Phiala,
994 1425 1027 1471 ut
1050 1411 1146 1486 prius.
1187 1412 1265 1474 Tum
1286 1413 1392 1473 Phiala

198 1520 305 1582 iterum
329 1540 374 1582 eu·
394 1519 575 1596 Recipiente
598 1518 759 1595 eximatur,
787 1536 817 1582 et
844 1521 983 1584 exhausta
1005 1527 1068 1584 edre
1091 1525 1167 1600 aqui
1189 1525 1226 1587 ad
1246 1523 1391 1586 summunt

198 1633 361 1708 repleatur,
388 1632 611 1708 invertaturque
619 1677 632 1707 ,1
656 1646 691 1694 ut
717 1633 815 1710 prius,
837 1647 867 1694 et
889 1634 1060 1711 Recipienti
1082 1634 1264 1698 immittatur.
1306 1638 1391 1700 Tum

199 1749 264 1806 aere
294 1746 387 1820 probe
420 1757 581 1807 evacuetur
607 1741 783 1819 Recipiens,
814 1761 911 1820 eoque
940 1744 996 1806 rite
1024 1759 1054 1806 et
1082 1744 1204 1808 omnino
1224 1763 1391 1821 evacuato,

200 1857 359 1918 remanebit
388 1875 464 1934 aqua
485 1857 515 1918 in
541 1856 640 1918 Phiala
661 1855 698 1918 stc
719 1855 870 1934 suspensa,
900 1873 933 1919 ut
955 1861 1122 1922 nullatenus
1144 1860 1312 1926 descendat.
1357 1865 1391 1924 ln

200 1969 261 2030 boc
286 1969 488 2045 experimento
518 1967 620 2044 causa,
641 1984 706 2045 qua
724 1969 811 2045 juxta
834 1971 969 2049 Boyliutn
999 1971 1137 2034 sustinere
1157 1991 1262 2050 aquam
1283 1975 1313 2036 in
1338 1994 1390 2035 ex-

201 2079 375 2156 perimento·
395 2079 609 2142 Torricelliano
638 2079 776 2142 statuitur
806 2082 868 2160 (adr
899 2099 1020 2160 netnpe,
1051 2103 1135 2161 aquae
1164 2085 1195 2146 in
1223 2085 1391 2148 vasculoB

201 2191 387 2269 incumbent)
409 2193 505 2252 ablata
527 2193 612 2266 plane
630 2190 758 2268 videtur,
777 2211 830 2254 nec
849 2207 945 2254 tamen
965 2213 1040 2272 aqua
1059 2194 1089 2256 in
1108 2195 1207 2257 Phiala
1228 2197 1392 2262 descendit.

201 2303 287 2363 Plura
323 2302 475 2364 statueram
507 2302 555 2363 hic
587 2302 779 2382 subjungere,
815 2304 864 2366 sed
896 2305 979 2368 antici
1019 2321 1049 2368 et
1089 2308 1304 2385 occupationes
1346 2329 1391 2372 me

204 2431 341 2478 avocant.

240 2529 312 2590 Non
333 2526 444 2605 polium
466 2529 600 2590 claudere
621 2528 735 2606 literas,
756 2529 827 2606 quin
848 2529 955 2592 iterum
976 2531 1140 2608 iterumque
1167 2531 1221 2593 tibi
1243 2533 1390 2596 inculcem

202 2639 431 2717 publicationem
453 2657 657 2716 eorum,quae
678 2639 793 2716 tuipse
815 2659 847 2702 es
870 2641 1036 2704 meditatur.
1077 2644 1236 2720 Nunquam
1260 2643 1391 2706 desistam

202 2769 232 2812 te
258 2751 386 2823 hortari,
414 2753 509 2812 donec
538 2749 677 2827 petitioni
705 2769 776 2812 meae
805 2751 989 2814 satisfeceris.
1038 2754 1153 2815 Interea
1181 2756 1344 2833 temporis,
1371 2757 1391 2816 st

205 2864 336 2940 quaedam
358 2875 569 2924 contentorum
589 2861 704 2924 illorum
726 2862 824 2938 capita
845 2862 916 2924 milri
937 2863 1077 2940 impertiri
1098 2866 1206 2942 velles,
1226 2867 1282 2928 oh!
1301 2887 1390 2944 quam

201 2991 233 3035 te
253 2974 427 3050 reperirem,
457 2989 626 3051 quantaque
654 2975 861 3038 necessitudine
883 2994 927 3037 tne
948 2976 1005 3036 tibi
1026 2977 1191 3041 obstrictum
1210 2977 1390 3055 judicarem!

202 3087 311 3145 Valeas
333 3079 544 3160 florentissime,
564 3103 668 3163 meque
691 3102 725 3147 ut
746 3087 818 3150 iacit
840 3106 933 3150 amare
952 3105 1072 3167 pergae,

766 3293 822 3352 Tui
842 3293 1067 3375 Studiufifflmum
1087 3307 1114 3354 er
1136 3294 1337 3376 Amicrffimum

886 3435 999 3498 Helva.
1019 3436 1247 3497 Onnunuuac.

203 3634 330 3696 LondinI,
347 3635 468 3704 31.Julli
488 3633 520 3701 [l.
540 3650 579 3688 ιο.
595 3637 675 3704 Aug„
694 3649 721 3688 ut
739 3639 814 3690 hebet
830 3639 902 3690 Veri.

270 3717 340 3784 belg.
356 3715 489 3769 secundum
507 3717 597 3782 stylum
614 3721 742 3788 novum]‚
761 3722 834 3782 1⁶63.
