2926 4896
188 373 228 456 36
640 366 846 451 Epistola
876 368 914 436 X.

186 551 291 616 voco?
312 550 495 628 respondeo,
516 565 549 612 ut
570 568 620 612 eas
642 549 831 630 distinguam,
859 550 902 612 uti
923 569 1026 612 omnes
1047 550 1158 628 solent,
1178 554 1214 613 ab
1236 551 1289 628 iis,
1310 570 1378 628 quae

186 664 293 726 nullam
314 679 373 724 tem
394 661 475 725 reive
496 660 681 724 affedionem
703 660 869 738 explicant,
888 677 923 724 ut
945 681 991 724 ex.
1012 681 1054 742 gt.
1075 682 1095 723 a
1115 661 1207 723 nihilo
1228 661 1308 724 nidis
1322 663 1378 741 fit,-

186 774 267 852 haec,
296 775 431 852 inquam,
462 773 620 851 similesque
658 772 879 851 propositiones
918 790 1065 837 vocantur
1096 774 1228 836 absolute
1260 789 1378 835 aterna:

186 885 344 964 veritates,
374 885 426 948 sub
457 902 519 962 quo
551 885 623 946 nihil
654 885 733 947 aliud
764 885 922 965 fignificare
944 888 1069 962 volunt,
1090 904 1177 964 quam
1198 888 1280 962 quod
1302 885 1375 946 talia

187 999 294 1060 nullam
314 997 409 1060 sedem
431 997 541 1058 habent
562 1012 646 1058 extra
667 1012 802 1058 mentem.
823 997 892 1061 Etc.

223 1169 269 1237 [D.
285 1169 450 1238 Rheoobutgi
465 1185 499 1222 m.
516 1169 569 1222 sere
586 1170 680 1222 Martio
696 1185 720 1221 t.
740 1170 825 1239 mon]

517 1652 757 1714 Enrtroua
789 1651 831 1712 XI
859 1651 1047 1718 (ouuvut).

659 1811 815 1893 Clarsffimo
837 1811 911 1871 Viro

713 1955 746 2015 B.
767 1973 799 2016 o.
820 1955 849 2015 S.

428 2111 688 2174 HENRICUS
726 2111 1135 2176 OLDENBURGIUS.

549 2255 700 2336 Responfio
720 2257 763 2316 ad
781 2256 938 2335 Epistulam
960 2258 1015 2319 VI.

270 2413 499 2498 Praestantrffime
521 2415 590 2492 Vir,
611 2415 708 2477 Amice
731 2415 916 2499 Chart'fflme‚

230 2561 327 2622 Multa
359 2559 494 2637 equidem
526 2559 627 2623 afferre
659 2557 784 2636 possem,
816 2579 882 2638 qua
914 2560 1083 2623 diuturnum
1116 2579 1211 2622 meum
1232 2559 1379 2622 silentium

190 2675 270 2750 apud
297 2688 327 2733 te
355 2671 546 2747 excusarent3
567 2671 616 2734 sed
639 2675 674 2735 ad
696 2675 757 2734 duo
780 2672 877 2750 capita
899 2671 998 2734 causas
1019 2673 1097 2734 iliius
1119 2674 1271 2749 reducam,
1291 2673 1379 2734 inva-

189 2783 350 2846 letudinem
378 2782 487 2845 scilicet
515 2783 688 2845 Nobiliffimi
709 2783 825 2864 Boylii,
846 2801 877 2846 et
894 2801 1024 2846 meorum
1046 2784 1231 2864 negotiorum
1253 2785 1380 2846 turbam.

188 2897 240 2957 ilia
261 2895 470 2973 impedimento
490 2895 566 2972 suit,
587 2913 649 2972 quo
671 2895 766 2957 minut
787 2897 824 2957 ad
843 2911 909 2958 tuas
920 2895 951 2958 in
962 2896 1081 2958 Nicrum
1101 2895 1382 2960 Animadversiones

188 3004 277 3068 citius
304 3005 480 3082 respondere
508 3006 634 3071 valuerit
662 3006 803 3086 Boylius3
824 3008 886 3070 haec
908 3010 984 3070 adeo
1006 3025 1051 3068 me
1073 3007 1231 3071 distridum
1254 3021 1381 3069 tenuere

190 3119 404 3198 perplurimos
424 3121 551 3197 menses,
573 3136 607 3184 ut
629 3121 686 3182 mei
707 3121 759 3184 vix
777 3120 852 3198 jutis
874 3121 978 3182 fuerint
985 3166 996 3198 ‚
1017 3120 1200 3198 proindeque
1211 3137 1266 3180 nec
1277 3118 1382 3180 officio

190 3231 242 3294 illo
263 3233 384 3312 defungi
405 3233 573 3311 potuerint,
595 3235 631 3295 ad
653 3235 737 3311 quod
758 3251 803 3294 me
825 3234 880 3295 tibi
904 3232 1070 3295 obstrictum
1091 3233 1243 3310 profiteor.
1284 3231 1385 3292 Gestit

192 3344 321 3423 animoa,
342 3325 472 3408 amotum
492 3343 550 3408 esse
571 3345 640 3424 (pro
662 3361 794 3422 tempore
816 3345 930 3426 saltem)
952 3361 1109 3423 utrumque
1132 3343 1331 3420 obstaculum,
1346 3361 1383 3405 ut

192 3475 287 3519 meum
313 3447 380 3520 cum
409 3472 495 3520 tanto
520 3457 628 3519 Amico
650 3458 853 3521 commercium
875 3458 1030 3521 instaurare
1050 3459 1148 3521 liceat.
1189 3458 1223 3519 Id
1244 3457 1384 3534 equidem

193 3586 272 3630 nunc
300 3568 377 3629 facio
407 3568 530 3630 maxima
552 3586 618 3631 cum
638 3569 788 3647 lubentia,
810 3569 923 3648 statque
945 3570 1058 3632 animus
1078 3569 1215 3649 (favente
1236 3569 1383 3650 Numine)

194 3681 274 3744 omni
301 3683 389 3743 modo
411 3698 532 3758 cavere,
559 3701 596 3744 ne
617 3681 758 3759 deinceps
784 3682 969 3745 consuetudo
991 3683 1086 3746 nostra
1106 3680 1246 3744 litteraria
1267 3681 1386 3744 tamdiu

192 3795 431 3870 interrumpatur.

235 3904 381 3966 Caetetum
401 3902 568 3982 priusquam
590 3908 628 3968 de
650 3905 686 3968 iis
707 3921 804 3968 tecum
826 3925 924 3986 agam,
945 3924 1010 3984 quae
1032 3904 1089 3966 tibi
1110 3919 1140 3966 et
1161 3904 1384 3982 mihiptivatim

194 4019 397 4096 intercedunt,
428 4016 582 4092 expediam
612 4017 678 4094 illa,
709 4036 776 4096 qua
807 4021 845 4080 D.
876 4018 973 4099 Boylii
1004 4019 1123 4080 nomine
1151 4019 1206 4080 tibi
1227 4020 1385 4081 debentur.

194 4131 312 4208 Notas,
332 4147 406 4207 quat
427 4127 458 4188 in
480 4127 793 4210 comico-Physcon
815 4129 893 4191 illius
912 4130 1113 4193 Tradiatulum
1135 4131 1385 4208 concinnaveras,

194 4241 276 4306 sucta
308 4240 359 4302 stbi
389 4239 571 4302 humanitate
604 4240 740 4319 excepit,
772 4241 887 4320 tibique
918 4241 1057 4304 maximat
1088 4263 1143 4320 pro
1163 4243 1306 4306 Examine
1328 4261 1384 4306 tuo
1456 4321 1457 4324 Ἴ

195 4353 303 4434 gratias
323 4350 469 4429 rependit.
511 4351 628 4412 Interim
659 4351 769 4413 moneri
791 4367 821 4414 te
843 4352 943 4432 cupit,
965 4353 1147 4430 propositum
1168 4355 1219 4417 fibi
1241 4373 1302 4418 non
1325 4373 1385 4420 tam
