2926 4896
542 351 748 432 Epistola
779 353 816 414 ll.
1255 363 1273 428 5

84 526 235 602 abundat,
266 527 413 590 relledtere
446 525 552 604 liceat;
583 541 614 588 et
645 526 796 606 quamvis,
817 525 957 606 quamdiu
978 525 1054 604 ipsas
1075 529 1276 604 contemplor,

83 657 146 699 non
176 655 278 715 parurn
309 637 381 700 mihi
411 637 512 702 videar
543 637 706 718 superbire,
739 657 843 716 nempe
874 641 956 717 quod
985 657 1047 702 eam
1075 655 1173 702 tecum
1202 638 1275 702 inire

82 751 225 826 audeam,
241 749 398 828 presertim
416 753 485 813 dum
503 749 606 831 cogito
625 751 784 813 amicorum
803 751 915 828 omnia,
934 751 1080 829 praecipue
1098 750 1276 828 spiritualia,

82 865 192 924 debere
219 861 275 923 else
302 861 485 940 communia,
513 877 611 924 tamen
639 863 697 924 hoc
726 877 785 924 tuae
806 861 980 926 humanitati
1002 862 1121 940 potiur,
1143 861 1224 926 limul
1245 877 1276 926 et

82 973 321 1050 benevolentia,
342 992 429 1051 quam
450 973 519 1036 nihi
541 973 597 1035 erit
619 973 818 1037 tribuendum.
856 973 1027 1037 Summitate
1049 974 1125 1037 enim
1146 974 1224 1038 illiue
1245 990 1275 1037 te

82 1086 264 1164 deprimere,
290 1101 322 1147 et
349 1083 438 1163 copia
465 1085 553 1164 hujus
582 1088 657 1149 adeo
686 1103 731 1148 me
758 1087 940 1163 locupletare
960 1086 1096 1164 voluisti,
1117 1102 1151 1151 ut
1171 1088 1275 1150 noan

81 1199 258 1274 amicitiam,
289 1215 376 1276 quam
407 1196 478 1259 milri
508 1197 676 1260 constanter
707 1199 875 1276 polliceris,
907 1214 937 1261 et
969 1218 986 1260 a
1016 1218 1062 1261 me
1093 1197 1274 1278 reciprocam

81 1312 223 1392 dignatur
244 1329 277 1372 er
296 1326 414 1388 petere,
434 1310 508 1372 inire
529 1328 590 1374 non
613 1329 730 1389 verear,
752 1329 844 1391 eaque
867 1327 901 1374 ut
918 1311 1020 1374 sedulo
1039 1313 1170 1388 colatur,
1188 1311 1275 1374 enixe

81 1421 131 1482 lim
160 1436 327 1484 curaturus.
367 1421 480 1502 Ingenii
509 1421 565 1484 mei
593 1423 681 1485 dotes
702 1425 786 1500 quod
806 1423 931 1500 attinet,
951 1423 973 1484 li
994 1443 1069 1502 quar
1089 1426 1277 1503 poliderem,

79 1552 131 1596 ear
152 1547 186 1594 te
206 1532 262 1594 tibi
284 1531 459 1596 vindicare*
478 1531 660 1596 libentiflime
681 1531 816 1610 sinerem,
838 1551 1005 1614 quanquam
1026 1534 1143 1613 semem,
1163 1535 1195 1597 id
1214 1551 1275 1598 non

80 1644 142 1706 fine
163 1661 233 1706 meo
254 1661 361 1724 magno
382 1643 559 1706 detrimento
581 1645 721 1708 futurum.
743 1645 817 1722 Sed,
839 1663 876 1707 ne
897 1645 1000 1709 videar
1020 1645 1078 1708 hoc
1099 1649 1189 1708 modo
1210 1645 1276 1724 tibi,

80 1757 169 1834 quod
189 1774 207 1816 a
227 1773 273 1816 me
297 1756 363 1834 J’ure
392 1755 527 1818 amicitia
554 1756 649 1834 petis,
678 1757 754 1820 velle
779 1758 939 1836 denegare,
960 1756 1033 1835 quid
1053 1757 1129 1819 cirta
1150 1755 1218 1836 illa,
1239 1759 1276 1820 de

80 1863 196 1942 quibua
225 1865 438 1942 loquebamur,
476 1864 619 1943 sentiam,
656 1867 789 1928 conabor
819 1865 985 1942 explicare;
1016 1883 1182 1946 quanquam
1215 1883 1276 1929 non

81 1992 207 2054 putem,
235 1974 287 2038 nili
315 1992 368 2040 tua
394 1975 560 2056 benignitas
588 1974 716 2052 interfit,
743 1975 801 2038 hoc
831 1975 957 2040 medium
981 1977 1129 2054 futurum,
1150 1991 1185 2038 ut
1204 1975 1275 2038 milri

86 2088 197 2152 arelius
219 2086 405 2152 devinciarir.

124 2203 174 2264 De
202 2203 270 2263 Deo
299 2200 400 2278 ltaque
428 2199 567 2277 incipiam
587 2199 718 2262 breviter
737 2198 851 2275 dicere;
880 2217 967 2277 quem
994 2200 1104 2263 definio
1132 2199 1188 2262 elle
1214 2199 1277 2262 Ena

83 2314 224 2378 constane
258 2312 381 2376 infinitis
412 2311 584 2388 attributis,
616 2329 742 2390 quorum
776 2314 1008 2390 unumquodque
1038 2312 1080 2374 est
1111 2312 1277 2391 infinitum,

84 2427 147 2489 five
179 2425 287 2487 summe
324 2424 504 2501 perfeetum,
538 2424 568 2486 in
599 2424 653 2487 suo
685 2442 799 2503 genere.
841 2423 904 2488 Ubi
935 2425 1119 2500 notandum,
1149 2441 1194 2486 me
1225 2441 1278 2503 pet

84 2535 261 2599 attributum
293 2534 453 2615 intelligere
485 2553 573 2598 omne
604 2535 653 2612 id,
683 2535 765 2614 quod
796 2532 965 2612 concipitur
991 2553 1044 2612 per
1070 2534 1099 2596 se
1127 2535 1209 2596 etin
1231 2534 1278 2612 se,

84 2651 162 2710 adeo
190 2661 225 2710 ut
251 2646 341 2724 ipsine
368 2661 534 2725 conceptue
561 2664 623 2708 non
651 2643 787 2710 involvat
809 2660 988 2723 conceptum
1009 2645 1129 2708 alteriue
1151 2643 1202 2708 rei.
1231 2647 1277 2709 Ut

86 2781 134 2822 ex.
160 2779 203 2840 gr.
231 2759 373 2822 Extenlio
401 2777 454 2838 per
481 2759 510 2820 se
537 2775 569 2822 et
596 2759 626 2821 in
652 2758 681 2820 se
709 2757 894 2837 concipitur;
922 2773 953 2821 at
981 2773 1081 2820 notua
1101 2775 1162 2820 non
1184 2758 1276 2836 item,

85 2891 152 2934 nam
180 2871 349 2950 concipitur
376 2871 406 2934 in
435 2872 511 2948 alio,
540 2885 570 2932 et
597 2869 687 2948 ipius
716 2887 881 2949 conceptue
910 2871 1040 2935 involvit
1059 2870 1278 2934 Extenfionem.

85 2987 215 3059 Verum,
242 2986 324 3062 quod
344 2984 408 3047 hee
427 2984 463 3046 stt
486 3001 555 3049 vera
575 2984 633 3047 Dei
654 2983 807 3062 definitio,
834 2985 948 3048 constat
970 3004 1006 3048 ex
1029 2986 1104 3062 hoc,
1125 2987 1207 3063 quod
1226 3005 1279 3063 per

85 3099 183 3160 Deum
204 3095 400 3177 intelligamur
420 3096 484 3158 Ena
504 3096 611 3160 summe
632 3097 794 3173 perfeetum
815 3111 846 3158 et
866 3097 999 3160 absolute
1021 3097 1175 3160 inlinitum.
1187 3097 1278 3181 Quod

85 3225 185 3272 autem
216 3210 276 3270 tale
307 3227 359 3270 ent
390 3209 512 3286 exiliat,
538 3207 625 3270 facile
654 3208 695 3270 est
723 3227 760 3269 err
785 3207 843 3270 -hac
864 3209 1037 3272 delinitione
1068 3209 1278 3284 demonllrme;

86 3321 153 3396 sed,
174 3319 245 3399 quia
266 3339 328 3382 non
350 3321 391 3382 eli
411 3320 501 3398 hujus
522 3321 599 3397 loci,
621 3319 867 3382 demonstratione
888 3319 1094 3397 supersedebo.
1115 3320 1172 3381 Sed
1194 3321 1277 3397 quod

87 3433 136 3495 lric
168 3433 364 3496 demonstrare
396 3434 508 3509 debeo,
540 3448 575 3495 ut
605 3431 703 3508 primae
732 3431 887 3510 quaestioni
914 3433 954 3496 V.
982 3431 1059 3494 Clar.
1087 3429 1279 3509 satisfaciam,

88 3545 154 3607 sunt
185 3545 248 3607 hec
282 3544 445 3623 sequentia.
484 3543 603 3620 Primo,
632 3547 715 3622 quod
746 3545 776 3606 in
807 3563 901 3608 rerum
931 3558 1034 3606 natura
1066 3561 1126 3606 non
1158 3542 1278 3622 poliunt

89 3657 209 3719 exiliere
231 3660 297 3719 due
319 3655 502 3732 substantie,
523 3655 595 3734 quln
616 3659 682 3718 toti
702 3655 822 3719 essentia
849 3655 995 3718 differant.
1035 3657 1189 3732 Secundo,
1210 3653 1278 3718 sub·

89 3769 220 3831 stantiam
242 3786 304 3832 non
325 3767 405 3846 polle
426 3767 568 3844 produci,
586 3767 638 3832 sed
658 3771 740 3846 quod
760 3766 795 3830 srt
816 3771 853 3830 de
874 3766 963 3846 ipsrua
991 3766 1127 3844 essentia,
1148 3765 1278 3829 existere.

89 3880 215 3958 Tertio,
251 3882 335 3958 quod
371 3879 467 3942 omnir
498 3879 656 3942 substantia
687 3881 794 3942 debent
826 3879 883 3942 elle
915 3879 1050 3956 infinita,
1080 3878 1140 3942 live
1170 3877 1278 3940 summe

89 3993 237 4069 persetla,
259 3990 289 4052 in
310 3990 364 4053 suo
396 4009 519 4072 genere3
551 3991 661 4070 quibus
693 3991 896 4054 demonstratis
927 3991 1013 4054 facile
1040 3988 1153 4068 poterit
1177 3989 1278 4054 videre

89 4105 151 4166 vlr.
179 4089 277 4176 Clam,
304 4120 366 4179 quo
394 4104 528 4180 tendam,
555 4105 645 4170 modo
668 4102 749 4172 flou
770 4105 904 4176 attendat
926 4105 961 4176 ad
983 4101 1183 4176 definitionem
1204 4099 1279 4182 θεῖς

88 4269 364 4286 m

123 4351 136 4386 ⁰
170 4347 214 4405 cs.
229 4363 257 4414 p.
277 4361 299 4399 r.
316 4361 375 4400 ann.
