2926 4896
530 361 731 438 Epistola
759 363 839 422 xlv.
1241 373 1277 440 53

126 537 275 600 Caetcrum
307 537 460 614 permittas
492 535 546 596 tibi
578 537 689 612 dream,
721 555 765 596 me
793 535 979 614 impatienter
1007 539 1097 612 ferre,
1119 552 1149 597 te
1171 535 1274 598 etiam·

85 669 153 710 num
188 648 367 726 supprimere
399 667 432 708 ca
464 647 586 723 scripta,
618 667 683 724 quae
715 666 768 722 pro
798 648 859 709 tuis
890 647 1041 728 agnoscis,
1063 647 1091 708 in
1115 649 1280 724 Republica

84 761 227 838 imprimis
257 777 316 822 tam
337 761 444 836 libera,
466 777 499 821 ut
520 759 627 821 sentire
650 759 689 820 ibi
712 779 776 837 quae
798 761 890 838 velis,
912 777 941 822 et
964 781 1030 840 quae
1052 760 1160 822 sentias
1182 761 1278 822 dicere

83 875 184 935 liceat.
205 874 392 950 Perrumpere
411 885 441 932 te
459 871 545 934 velim
557 871 608 932 illa
620 873 773 950 repagula,
785 871 922 948 imprimis
935 891 1000 934 cum
1012 871 1155 934 subticere
1167 890 1273 933 nomen

83 1003 168 1048 cuum
187 987 293 1064 pollis,
312 1000 341 1046 et
358 986 412 1046 hac
430 982 544 1046 ratione
566 998 649 1044 extra
671 1001 785 1044 omnem
807 983 928 1059 periculi
956 984 1044 1044 aleam
1068 999 1099 1044 te
1121 983 1276 1044 collocare.

122 1098 330 1161 Nobilissimus
349 1095 472 1175 Boylius
493 1113 611 1174 peregre
633 1093 721 1156 abiit:
744 1096 953 1174 quamprimum
972 1099 1063 1158 redux
1082 1095 1277 1158 suetitfaslut

82 1212 111 1273 in
145 1214 280 1288 Urbem,
311 1207 534 1272 communicabo
564 1208 615 1284 ipst
638 1227 699 1270 eam
721 1209 859 1286 Epistola
881 1225 939 1271 tuae
962 1210 1125 1272 doslissrmae
1146 1227 1277 1288 partem,

82 1343 149 1400 quae
182 1323 266 1384 illum
297 1321 425 1398 spestat,
457 1319 576 1397 ejusque
608 1321 644 1380 de
677 1319 873 1396 conceptibus
894 1319 955 1382 tuis
977 1321 1168 1398 sententiam,
1190 1341 1276 1398 quam

82 1435 209 1512 primum
244 1454 307 1496 eam
337 1437 438 1496 nauus
469 1435 572 1508 suero,
602 1431 762 1494 rescribam.
804 1433 899 1510 Puto,
927 1449 957 1494 te
986 1433 1045 1510 jam
1066 1432 1168 1496 vidisse
1189 1433 1278 1510 ipsius

82 1547 268 1626 bemistam
290 1546 475 1622 Scepticum,
490 1544 541 1621 qui
550 1544 721 1622 jamdudum
732 1548 748 1581 *
765 1546 871 1609 Latine
883 1547 999 1624 editus,
1009 1547 1099 1626 inque
1111 1563 1277 1610 exterorum

81 1661 143 1722 oris
178 1659 324 1736 dispersus
355 1658 430 1734 suit,
463 1659 552 1718 multa
584 1658 741 1720 continens
762 1661 914 1722 Paradoxa
934 1659 1226 1742 erycino-Phylea,
1247 1677 1278 1722 et

80 1772 312 1851 Spagyricorum
334 1769 477 1846 principia
497 1770 691 1846 Hypostatica
714 1771 762 1846 (ut
783 1773 909 1850 vocant)
932 1771 984 1832 sub
1004 1789 1124 1832 examen
1144 1771 1276 1836 severum

79 1902 240 1947 revocans.

124 1993 227 2056 Alium
258 2011 350 2068 nuper
381 1994 473 2056 edidit
503 1995 650 2073 libellum,
681 1997 731 2073 qui
763 1995 841 2057 forte
873 1998 997 2057 necdum
1029 1999 1066 2058 ad
1094 1993 1276 2072 Bibliopolas

81 2105 199 2168 vestros
236 2103 389 2181 pervenit:
422 2125 510 2182 quare
543 2126 608 2168 eum
639 2107 697 2168 boc
728 2107 884 2171 involucro
916 2107 971 2168 tibi
1008 2107 1114 2184 mitto,
1143 2126 1276 2187 rogoque

82 2228 285 2292 peramanter,
316 2231 350 2277 ut
381 2217 438 2278 boc
470 2217 671 2280 munusculum
701 2217 774 2278 boni
803 2217 946 2280 consulas.
974 2217 1119 2280 Continet
1144 2216 1276 2293 libellus,

84 2346 118 2392 ut
152 2329 286 2405 videbis,
325 2327 521 2392 defensionem
561 2331 681 2395 virtutis
718 2330 849 2392 Elasticae
880 2330 966 2392 neris
998 2346 1101 2392 contra
1133 2333 1275 2408 quendam

81 2441 268 2502 Franciscum
290 2441 415 2520 Linum,
437 2442 489 2521 qui
512 2443 645 2505 funiculo
667 2445 811 2519 quodam,
832 2443 1010 2504 intellesium
1020 2443 1107 2520 juxta
1118 2461 1152 2502 ac
1163 2441 1275 2502 sensum

83 2574 202 2616 omnem
244 2554 393 2634 fugiente,
435 2556 646 2632 Pbaenomena,
686 2555 714 2616 in
754 2554 972 2630 Experimentis
1011 2553 1098 2616 novis
1137 2553 1274 2632 Physreo-

85 2665 272 2728 Mechanicis
292 2666 412 2728 Domini
429 2667 527 2748 Roylii
539 2667 679 2744 recitata,
689 2667 834 2744 explicare
846 2667 961 2748 satagit.
970 2667 1087 2731 Evolve
1099 2681 1129 2728 et
1141 2670 1274 2743 expende

434 2779 577 2856 libellum,
596 2797 625 2840 et
644 2796 696 2840 tua
714 2782 750 2840 de
772 2797 808 2840 eo
831 2779 919 2841 animi
939 2778 1019 2840 sensa
1038 2777 1107 2840 mihi
1126 2781 1274 2854 deprome.

474 2885 608 2946 Societas
630 2884 725 2946 nolira
747 2886 839 2964 Regia
857 2885 1021 2947 institutum
1039 2883 1121 2946 suum
1140 2885 1274 2964 gnaviter

435 3008 490 3067 pro
517 2989 629 3053 viribus
658 2989 866 3068 prosequitur,
900 2991 976 3055 intra
1009 2989 1275 3066 experimentorum

327 3094 331 3099 '
436 3094 733 3172 observationumque
761 3095 908 3157 cancellos
944 3094 1002 3156 sese
1035 3094 1208 3172 continens,
1241 3115 1274 3156 ο-

436 3199 572 3277 mnesque
593 3198 836 3275 Disputationum
859 3202 1004 3262 anstasius
1024 3201 1170 3262 devitans.

475 3306 630 3386 Egregium
662 3322 756 3380 nuper
787 3318 903 3380 captum
936 3303 993 3364 suit
1022 3303 1273 3380 experimentum,

436 3412 518 3487 quod
540 3412 624 3472 valde
645 3424 766 3486 torquet
787 3407 954 3484 Vacuistas,
975 3407 1107 3469 Plenistit
1127 3427 1200 3471 vero
1221 3427 1272 3472 ve·

435 3515 585 3576 hementer
605 3515 710 3591 placet.
739 3513 789 3574 Est
810 3530 883 3576 vero
903 3514 971 3574 tale.
992 3510 1091 3572 Phiala
1112 3512 1206 3574 vitrea
1227 3515 1273 3590 A,

329 3670 331 3687 ,
436 3621 546 3695 repleta
567 3621 603 3680 ad
625 3618 817 3680 summitatem
838 3620 929 3694 aqud,
952 3615 1065 3677 orilicio
1087 3616 1151 3694 ejus
1171 3617 1200 3679 in
1219 3637 1271 3680 vas

436 3723 610 3798 vitreumB,
631 3741 734 3799 aquam
756 3721 929 3798 continens,
949 3719 1083 3798 inverso,
1104 3721 1272 3798 imponatur

437 3826 606 3903 Recipienti
634 3829 732 3890 Novae
761 3825 907 3887 Machinae
935 3826 1129 3888 Pneumaticae
1151 3827 1271 3890 Domini

306 3996 327 4019 ,7
434 3931 549 4010 Boylii;
570 3931 757 3994 exhauriatur
777 3949 847 3994 mox
869 3937 916 3992 adr
937 3949 973 3994 ex
995 3932 1186 4009 Recipiente:
1199 3953 1270 3996 con-

170 4038 175 4103 l
240 4066 250 4121 g
351 4020 402 4119 ις’
433 4035 594 4112 spicientut
614 4037 700 4099 bullae
722 4039 825 4115 magns
846 4035 933 4114 copia
954 4055 991 4098 ex
1012 4055 1087 4116 aqua
1100 4035 1129 4100 in
1141 4037 1269 4101 Phialam

321 4139 396 4203 εἷς..
435 4142 464 4201 Α
485 4142 675 4219 adscendere,
695 4157 725 4204 et
747 4159 863 4204 omnem
890 4141 957 4204 inde
979 4159 1084 4222 aquam
1106 4143 1136 4204 in
1158 4161 1211 4205 vas
1231 4143 1269 4217 Β,

113 4350 127 4386 ⁸
163 4353 253 4406 Editio
270 4351 356 4410 Latina
374 4354 538 4412 Roterodarns
556 4369 622 4406 enno
643 4354 715 4410 1662.
732 4355 828 4420 prodiit
844 4371 876 4410 ex
894 4355 991 4409 officina
1009 4354 1116 4412 nmoldi
1134 4356 1220 4416 Lecta,
