2926 4896
202 398 240 447 no
648 377 854 456 Epistola
885 377 939 436 Vl.

200 559 359 620 miscendas
392 555 443 635 (ne
474 553 568 618 dicam
598 551 837 630 constituendas)
866 565 931 611 cum
959 547 1135 610 notionibus
1164 547 1248 610 castis
1275 551 1329 629 a),
1360 564 1393 609 er

201 689 266 748 quae
293 671 451 745 Naturam,
479 682 513 729 ut
540 665 570 726 in
598 664 627 726 se
648 664 705 739 est,
726 661 885 738 explicant.
926 659 1026 738 Hujus
1045 660 1161 741 generis
1182 659 1249 722 sunt
1269 677 1371 722 motus
1382 705 1394 736 ,

201 781 303 861 quies,
322 797 353 843 et
374 797 474 842 eorum
494 780 590 857 legem
610 775 689 837 illius
710 793 781 838 vero
803 773 935 849 visibile,
962 771 1122 850 invisrbile,
1143 773 1286 850 calidum,
1306 774 1391 854 frigi-

201 898 287 970 dum,
308 909 354 970 et,
375 908 408 955 ut
429 891 523 954 stetim
544 891 656 964 dicam,
677 889 798 950 fluidum
819 887 908 948 etiem
927 900 961 946 'et
982 884 1157 961 consrstens,
1179 899 1236 946 etc.

242 1005 269 1086 ς.
291 1017 319 1082 5.
360 1007 464 1066 Prima
484 1003 522 1082 est
541 1015 690 1083 corporum
710 1003 928 1079 componentium
947 1001 1106 1078 parvitas,
1125 1001 1159 1056 in
1175 999 1394 1073 grandioribus

201 1122 321 1199 quippe,
342 1131 392 1177 ero.
433 1114 577 1198 Quemvis
604 1129 729 1190 corpora
756 1111 812 1172 srnt
841 1128 949 1187 parva,
971 1109 1139 1187 superficies
1160 1123 1256 1172 tamen
1278 1110 1394 1172 habent

202 1231 269 1309 (aut
288 1229 394 1290 habere
415 1225 592 1306 personui)
612 1224 788 1301 inequales,
809 1222 1046 1299 asperitatesque.
1087 1223 1202 1304 Quare,
1224 1222 1243 1283 n
1264 1241 1393 1301 corpora

201 1357 304 1420 magna
325 1339 376 1402 tuli
397 1338 591 1416 proportione
613 1350 797 1410 moveantur,
815 1348 848 1395 ut
869 1350 969 1395 eorum
993 1348 1091 1395 motus
1107 1336 1144 1395 ad
1162 1351 1263 1396 eorum
1283 1335 1393 1398 molem

201 1451 292 1531 fito),
313 1466 347 1513 ut
370 1465 468 1512 motus
489 1449 667 1510 minutorum
689 1465 845 1524 corporum
867 1449 903 1508 ad
926 1448 1084 1509 eorundem
1106 1448 1278 1527 molend),
1299 1448 1394 1510 fluide

201 1564 289 1626 etiem
318 1563 406 1625 elient
433 1562 574 1637 dicenda,
601 1560 621 1621 fi
650 1576 756 1621 nomen
785 1557 869 1620 fluidi
892 1557 963 1636 quid
984 1557 1179 1620 extrinsecum
1201 1578 1261 1621 non
1283 1559 1392 1640 fignifi-

201 1691 280 1738 earet
300 1677 346 1755 e),
367 1689 397 1737 et
418 1691 479 1735 non
493 1673 533 1753 f)
556 1691 593 1734 ex
614 1671 694 1751 vulgi
717 1671 770 1733 usu
792 1685 907 1732 tanturn
920 1681 923 1686 '
936 1669 1122 1748 usurparetur
1142 1673 1180 1732 ed
1201 1669 1392 1750 fignificande

202 1799 489 1866 eaeorpora'mota,
510 1802 634 1863 quorum
655 1783 786 1845 minutiae
809 1799 898 1861 atque
920 1783 1075 1846 interstitia
1096 1783 1253 1846 humanum
1274 1784 1391 1846 sensum

202 1899 357 1980 effugiunt.
379 1900 476 1982 Quare
497 1898 617 1977 idemg)
640 1895 695 1957 erit
715 1911 840 1970 corpora
863 1893 994 1957 dividere
1015 1894 1046 1955 in
1068 1894 1158 1956 fluida
1181 1912 1211 1956 et
1232 1895 1393 1958 conister-

202 2007 261 2088 tia,
282 2029 316 2072 ac
337 2011 366 2072 in
386 2009 509 2074 visibilia
531 2024 562 2070 et
583 2007 746 2072 invisrbilia.

243 2123 363 2186 Ibidem.
404 2123 472 2201 Nost
493 2120 635 2197 Cieymieis
655 2124 859 2202 experimentis
878 2123 913 2180 id
930 2122 1112 2202 comprobare
1128 2122 1275 2201 poffemus.
1302 2125 1391 2185 Nun-

204 2253 290 2313 quam
320 2235 487 2315 Chymicis,
518 2252 613 2311 neque
645 2233 708 2294 aliis
741 2231 963 2309 experimentis,
996 2231 1047 2292 nist
1079 2233 1328 2296 demonstratione
1358 2251 1391 2295 et

203 2345 428 2424 computatione
450 2344 503 2425 ie),
530 2346 636 2423 aliquis
664 2346 694 2406 id
722 2347 913 2422 comprobare
941 2343 1062 2420 poterit.
1103 2344 1233 2407 Ratione
1261 2345 1393 2408 enimet

202 2459 316 2521 calculo
338 2475 462 2534 corpora
484 2457 514 2518 in
536 2456 681 2518 infinitum
694 2456 864 2531 dividimus,
875 2469 905 2518 et
917 2473 969 2532 per
986 2456 1169 2534 consequens
1190 2455 1277 2518 etiam
1289 2457 1393 2533 Vires,

202 2589 267 2648 quae
290 2572 327 2632 ad
348 2573 448 2631 eadem
469 2571 646 2633 movendum
669 2567 861 2646 requiruntur
876 2569 920 2647 03
942 2567 991 2629 sed
1012 2567 1220 2644 experimentis
1241 2587 1393 2646 nunquam

201 2682 232 2746 id
252 2682 444 2758 comprobare
464 2681 498 2759 k)
520 2679 692 2757 poterimus.

243 2795 271 2876 S.
289 2797 320 2856 6.
362 2793 499 2856 Grandia
527 2807 649 2873 corpora
676 2797 776 2873 inepta
804 2797 889 2852 nimis
914 2795 966 2873 effe
985 2793 1182 2872 constituendis
1198 2795 1318 2872 fluidis,
1339 2811 1393 2856 ere.

202 2907 271 2970 Sive
299 2923 351 2983 per
378 2905 498 2967 fluidum
527 2904 707 2984 intelligatur
734 2905 782 2980 id,
814 2907 896 2982 quod
926 2907 1016 2967 modo
1043 2903 1122 2982 dixi,
1150 2903 1210 2970 iive
1238 2923 1316 2982 non,
1345 2926 1393 2969 res

201 3033 299 3080 tamen
320 3035 371 3094 per
391 3017 459 3096 sei)
482 3017 523 3077 est
545 3017 704 3079 manifesta.
726 3019 783 3079 Sed
804 3036 864 3079 non
887 3019 995 3094 video,
1014 3022 1166 3096 quomodo
1185 3020 1239 3081 Vir
1259 3021 1392 3101 Clanm)

202 3128 410 3208 experimentis
432 3129 461 3190 in
483 3129 536 3190 hnc
558 3127 585 3208 S.
608 3128 703 3190 allatis
723 3129 754 3190 id
776 3133 959 3207 comprobet.
1001 3133 1075 3192 Nam
1099 3129 1232 3209 (quando
1243 3133 1278 3211 n)
1299 3135 1336 3194 de
1358 3151 1391 3194 re

202 3242 353 3320 incertao)
375 3240 510 3302 dubitare
531 3240 701 3318 volumus),
722 3240 856 3317 quamvis
867 3241 925 3302 offa
936 3244 972 3302 ud
983 3245 1220 3318 componendum
1242 3243 1393 3324 Chylum,

203 3370 234 3415 et
255 3353 354 3414 srmilia
376 3351 485 3428 fluide,
504 3351 560 3412 fint
582 3350 683 3428 inepta
700 3353 756 3431 p),
777 3352 854 3414 forte
871 3351 945 3414 ‘satis
967 3369 1051 3414 erunt
1072 3367 1142 3429 apta
1163 3354 1196 3433 q)
1218 3356 1254 3417 ad
1275 3371 1391 3418 novum

203 3467 351 3543 quoddam
373 3482 465 3543 genus
486 3463 568 3524 fluidi
588 3465 826 3538 componendum
848 3464 887 3538 r).

243 3575 271 3657 S.
295 3593 340 3638 10.
381 3577 472 3653 quue
492 3561 558 3636 rium
577 3594 626 3635 eos
646 3578 739 3634 minus
760 3593 845 3652 quam
865 3589 952 3636 antea
973 3579 1071 3638 reddit
1085 3577 1216 3655 flexiles,
1236 3593 1288 3640 erc.
1320 3579 1393 3640 Sine

203 3690 260 3750 ulla
283 3686 408 3763 partium
430 3687 613 3762 mutatione,
633 3686 684 3748 sed
705 3703 741 3746 ex
764 3705 800 3747 eo
823 3701 936 3750 tanturn
958 3689 1003 3767 s),
1025 3692 1108 3765 quod
1128 3704 1225 3766 partes
1247 3689 1277 3750 in
1298 3689 1392 3751 Reci-

236 3876 270 3940 a)
289 3875 362 3940 capiis
380 3873 531 3924 notionibus.
602 3873 632 3941 i)
650 3875 671 3926 L
689 3873 845 3938 perenthessn
864 3871 969 3925 omittit.
1042 3874 1070 3939 e)
1085 3873 1119 3940 sst
1136 3876 1172 3926 nd
1190 3889 1273 3925 eorum
1291 3877 1395 3927 molem.

236 3959 269 4025 d)
287 3959 323 4008 ad
340 3957 426 4008 moiem
446 3971 539 4008 eorum.
638 3958 666 4022 e)
684 3972 731 4008 non
746 3957 810 4024 fign.
826 3957 888 4020 ,quid
906 3965 972 4009 seir.
1068 3957 1105 4022 s)
1123 3959 1144 4010 L
1162 3956 1260 4009 omittit
1276 3973 1335 4009 non.

236 4041 268 4108 g)
285 4041 307 4090 L
323 4038 410 4090 addite
427 4053 479 4090 meo
492 4039 600 4105 judicio.
767 4038 798 4103 ie)
816 4039 862 4104 nifi
877 4052 948 4090 mm
967 4040 1071 4090 rarione
1088 4049 1114 4090 er
1131 4041 1239 4092 eaionio.

236 4125 262 4189 i)
279 4135 401 4190 corpora,
419 4131 445 4172 ei
458 4133 507 4189 per
524 4122 776 4188 consequens....in
794 4121 842 4186 inf.
860 4122 1007 4174 diuidimus.
1112 4124 1143 4188 ir)
1158 4123 1289 4191 puellare.

235 4206 262 4272 i)
281 4207 301 4256 L
319 4203 404 4256 rdditt
416 4205 498 4270 sniis.
614 4205 653 4270 m)
671 4207 704 4256 ei.
722 4207 772 4257 uir.
889 4205 921 4270 n)
941 4207 1150 4270 quandoquidem.
1258 4208 1288 4272 o)
1306 4219 1394 4261 cerea.

236 4289 268 4355 p)
287 4289 374 4355 inepta
389 4288 438 4353 fini
454 4287 658 4351 adunfluida.
856 4289 887 4353 p)
900 4289 973 4353 faiis
990 4299 1054 4357 epta
1069 4288 1144 4354 forre
1162 4299 1247 4342 erunt.

236 4372 267 4438 r)
285 4372 320 4422 ad
336 4382 413 4438 comp.
431 4371 511 4422 eiiam
530 4385 618 4422 nonam
633 4370 742 4437 speciem
757 4370 832 4434 fluidi
851 4372 921 4422 nobis
940 4373 1063 4438 ignorem.
1154 4373 1183 4438 r)
1202 4381 1304 4424 tantum
1315 4389 1394 4428 ereo.
