2926 4896
475 379 677 462 Epistola
710 379 775 448 x11.
1043 451 1047 460 ,
1180 396 1218 468 45

49 557 190 637 imanis,
220 559 371 623 indefinita
404 559 479 636 dici,
510 577 664 638 propterea
697 564 777 638 quod
807 561 888 623 nullo
919 581 1040 624 numero
1073 564 1218 640 adaquari

50 685 160 747 queant,
190 689 255 749 quae
285 689 384 733 tamen
416 671 524 750 majora
556 687 585 733 et
617 672 729 734 minora
759 672 879 750 possunt
910 673 1045 750 concipi;
1067 674 1217 750 quianon

49 778 178 858 sequitur,
204 783 253 843 ili-a
280 781 440 844 necessario
468 785 573 845 debere
603 781 658 844 esse
681 785 820 861 aqualia,
842 803 907 862 quae
929 802 1050 848 numero
1073 785 1218 862 adaequari

50 910 199 970 nequeunt,
225 911 260 956 ut
285 913 323 956 ex
343 897 433 957 allato
463 897 598 972 exemplo
621 911 650 956 et
673 895 736 957 aliis
757 896 856 958 multis
876 895 945 958 satis
967 897 1007 958 eii
1028 897 1217 959 manifestum.

82 1006 205 1083 Denique
226 1006 327 1069 causas
347 1025 476 1069 errorum
498 1023 528 1068 et
549 1005 774 1084 consustonum,
794 1026 859 1085 quae
879 1007 954 1069 circa
972 1008 1218 1091 Quaestionemde

49 1117 152 1178 infinito
179 1133 250 1180 orrae
278 1119 364 1196 sunt,
392 1118 521 1184 breviter
549 1122 590 1181 ob
612 1119 717 1180 oculos
737 1118 839 1196 posui,
860 1118 983 1196 easque,
1003 1118 1033 1180 ni
1054 1119 1157 1196 fallor,
1177 1120 1217 1180 ita

50 1229 160 1304 explicui
196 1247 315 1308 omnes,
352 1247 388 1293 ut
426 1249 485 1294 non
525 1247 627 1308 putem
666 1233 752 1294 ullam
790 1230 933 1308 superesse
964 1231 1039 1292 circa
1069 1232 1217 1294 Infinitum

49 1340 244 1420 Quaestionem,
273 1361 359 1421 quam
391 1343 438 1404 hic
459 1361 519 1406 non
541 1343 643 1423 attigi,
664 1359 716 1404 aut
737 1361 802 1420 quae
823 1361 860 1406 ex
882 1342 967 1404 distis
988 1343 1123 1404 facillime
1143 1342 1218 1408 solvi

49 1469 98 1512 non
125 1471 220 1532 queat.
251 1456 352 1539 Quare
382 1455 411 1517 in
439 1456 486 1517 hir
510 1472 541 1517 te
569 1456 700 1518 detinere
729 1455 857 1534 diutius,
887 1473 984 1533 operm
1013 1455 1140 1534 pretium
1161 1454 1217 1517 eise

48 1581 97 1624 non
111 1565 222 1643 judico.

79 1681 179 1743 Verum
209 1681 259 1745 hic
290 1683 388 1745 obiter
419 1683 513 1746 adhuc
543 1684 640 1746 notari
668 1683 773 1760 veiim,
804 1686 888 1761 quod
908 1681 1098 1761 Peripatetici
1119 1700 1218 1744 recen·

47 1788 138 1868 tiores,
157 1809 191 1855 ut
212 1795 333 1872 quidem
353 1811 447 1872 puto,
468 1797 539 1858 male
560 1796 770 1858 intellexerunt
781 1795 1056 1858 demonstrationem
1067 1795 1218 1870 Veterum,

48 1922 94 1979 qua
122 1907 270 1970 ostendere
302 1907 473 1970 nitebantur
502 1908 559 1970 Dei
591 1909 783 1970 existentiam.
824 1909 920 1984 Nam,
953 1923 987 1969 ut
1018 1905 1108 1984 ipsam
1140 1907 1219 1982 apud

47 2013 164 2092 Judaum
195 2022 343 2097 quendam
372 2022 439 2083 Rab
468 2019 594 2099 Ghasdaj
616 2023 632 2056 ¹*
663 2038 802 2085 vocatum
831 2021 945 2098 reperio
952 2067 962 2098 ,
983 2019 1021 2081 fic
1053 2020 1148 2081 sonat.
1189 2018 1219 2079 Si

48 2127 120 2188 datur
138 2129 300 2211 progressus
321 2131 470 2194 causarum
492 2133 522 2194 in
545 2133 706 2212 infinitum,
725 2149 809 2195 erunt
831 2130 1219 2211 omnia,quaesunt,ctiam

47 2239 161 2302 causata:
187 2244 287 2322 Atqui
315 2244 406 2322 nauli,
433 2248 515 2323 quod
541 2245 690 2308 causatum
712 2246 769 2322 est,
791 2245 953 2322 competit,
974 2245 1006 2307 vi
1027 2244 1085 2305 suae
1107 2257 1219 2305 naturae

48 2351 185 2416 necessario
218 2355 358 2418 existere:
389 2355 469 2437 Ergo
500 2356 572 2418 nihil
604 2357 644 2419 est
676 2359 706 2419 in
734 2332 866 2434 Natura,
894 2359 932 2419 ad
960 2355 1045 2433 cujus
1073 2353 1219 2416 essentiam

48 2465 159 2537 pertinet
188 2468 349 2532 necess'ario
381 2469 512 2532 existere.
552 2471 610 2532 Sed
638 2472 696 2532 hoc
724 2471 766 2532 est
793 2469 963 2532 absurdum:
992 2486 1061 2548 ergo
1082 2483 1112 2530 er
1133 2468 1214 2530 illud.

48 2575 131 2658 Quare
156 2580 202 2642 vis
230 2582 395 2661 argumenti
422 2601 483 2644 non
509 2582 541 2644 in
569 2602 606 2648 eo
633 2583 686 2646 sata
711 2583 767 2659 est,
789 2578 872 2660 quod
893 2581 1062 2659 impoffibile
1084 2579 1136 2656 sit,
1157 2581 1219 2642 dari

48 2689 101 2750 anu
125 2692 292 2771 Infinitum,
320 2710 371 2756 aut
392 2693 555 2774 progressus
576 2695 724 2758 causamn
745 2694 775 2755 in
797 2693 960 2770 infinitum,
982 2672 1031 2755 sed
1052 2708 1166 2754 tantum
1188 2693 1217 2754 in

49 2817 92 2876 co,
110 2807 189 2880 quod
209 2805 412 2884 supponatur,
438 2826 501 2885 res,
530 2827 595 2886 quae
618 2808 669 2869 sua
689 2809 793 2868 natura
814 2825 874 2869 non
897 2803 1052 2867 neceiiario
1074 2804 1220 2881 existunt,

49 2929 98 2974 non
116 2918 301 2980 determinari
323 2921 360 2980 ad
381 2919 562 2981 existendum
582 2939 598 2980 a
621 2937 651 2980 re
673 2919 724 2980 sua
744 2920 847 2980 natura
867 2916 1024 2979 necessario
1045 2916 1189 2978 existenti.

80 3027 233 3093 Transrrem
251 3031 328 3110 jam,
350 3033 418 3111 quia
439 3048 556 3110 tempus
576 3052 622 3094 me
642 3033 775 3094 festinare
798 3031 897 3111 cogit,
918 3033 955 3092 ad
975 3031 1221 3092 secundamtuam

49 3137 207 3214 Epistulam:
239 3142 291 3206 sed
322 3147 359 3205 ad
390 3162 442 3220 ea,
467 3163 533 3223 quae
560 3145 650 3206 isthac
681 3143 889 3220 continentur,
921 3141 1121 3218 commodius,
1155 3159 1220 3202 cum

50 3249 172 3328 dignatus
203 3255 293 3316 fueris
326 3273 371 3316 me
402 3255 544 3332 invisere,
574 3255 748 3334 respondere
771 3271 889 3332 potero.
930 3253 1038 3334 Quaeso
1060 3250 1221 3329 itaque,st

51 3360 101 3422 ieri
119 3365 231 3444 potest,
252 3383 287 3428 ut
307 3369 518 3445 quamprimum
538 3367 654 3446 veniam
675 3386 741 3430 nam
760 3382 878 3444 tempus
895 3364 1035 3444 migrandi
1054 3363 1223 3426 festinanter

52 3476 161 3538 accedit.
200 3477 333 3540 Tantum
355 3479 405 3540 eu
446 3479 538 3556 Vale,
558 3479 673 3556 meique
694 3497 804 3542 memor
824 3478 912 3556 vive,
932 3477 984 3554 qui
1005 3475 1084 3554 sum,
1104 3492 1161 3539 etc.

81 3647 250 3723 [Rhenoburgi
266 3669 309 3708 ao.
326 3655 421 3720 Aprilis
442 3653 529 3718 16⁶3„
546 3653 608 3708 teste
627 3654 697 3707 vers.
716 3655 797 3726 Bela]

53 3842 123 3968 fiiic
146 3844 247 3899 fortasse
273 3847 403 3900 inscrenda
430 3825 541 3914 Epistola
567 3865 642 3914 quam
669 3863 715 3902 nos
741 3845 843 3902 auctore
870 3861 978 3914 utraque
1004 3851 1066 3902 Ver.
1082 3848 1129 3901 Ed.
1149 3849 1222 3901 xvn

62 3935 152 3978 mamam.

57 4117 293 4142 Ε--ᾑι-ι--ιι-ιι

84 4222 95 4248 '
125 4223 155 4274 R.
180 4225 282 4277 Chasdai
309 4225 425 4290 Crescite,
452 4228 483 4279 de
509 4226 581 4290 cujus
607 4225 722 4279 dosirioa
748 4228 861 4280 libellum
881 4228 1056 4280 Germanicum
1075 4227 1169 4293 scripsit
1186 4232 1223 4281 M.

57 4301 118 4366 1⁰5¹,
134 4307 284 4360 Vratisitvire
301 4325 369 4362 anno
390 4307 462 4362 1866.
479 4311 590 4373 editum,
607 4312 698 4363 deinde
715 4311 741 4362 in
760 4309 815 4374 ejus
830 4313 962 4376 symbolas
976 4311 1224 4364 Historico·Philoso·

58 4385 129 4446 1²¹¹ssss
145 4389 196 4454 (ib.
216 4392 287 4457 1876.
305 4395 360 4446 vol.
378 4395 428 4459 ΙΙ.)
447 4407 584 4459 receptum.
