2926 4896
220 375 259 438 44
658 356 865 434 ¹Epistola
896 355 961 417 XII.

220 551 306 610 quam
336 531 437 595 misere
467 528 633 594 ratiocinati
664 528 736 606 sint,
764 529 900 607 judicent
931 529 1153 618 Mathematici,
1179 529 1288 608 quibus
1319 528 1416 607 hujus

218 645 318 706 farinae
348 645 529 725 Argumenta
560 645 667 706 nullam
698 661 805 704 moram
837 643 956 720 injicere
988 659 1153 718 potuerunt
1184 643 1214 704 in
1246 644 1337 704 rebus
1372 644 1416 702 ab

219 757 287 834 iplir
324 757 398 818 clare
436 755 627 835 distindteque
663 756 820 833 perceptis.
858 757 950 832 Nam,
978 773 1170 834 praeterquam
1202 758 1285 834 quod
1317 757 1418 816 multa

219 868 413 945 invenerunt,
438 887 504 946 quae
532 870 613 932 nullo
634 871 765 931 Numero
788 867 929 944 explicari
951 868 1087 946 pollunt3
1109 870 1192 946 quod
1213 868 1282 930 satis
1304 887 1416 930 nume·

217 997 314 1040 rorum
344 979 488 1040 defedum
520 981 557 1041 ad
587 979 685 1041 omnia
715 979 965 1041 determinandum
997 979 1163 1056 patefacit;
1194 981 1285 1041 multa
1318 979 1415 1041 etiarn
1458 1013 1459 1016 =

217 1093 343 1170 babent,
371 1111 436 1170 quae
464 1092 545 1154 nullo
574 1109 695 1153 nurnero
716 1091 863 1169 adaequari
884 1092 1019 1168 possunt,
1040 1092 1091 1154 sed
1112 1109 1244 1168 omnem,
1267 1092 1319 1170 qui
1343 1092 1412 1154 dari

217 1205 325 1282 poteli,
335 1221 483 1268 numerum
494 1203 640 1280 superant.
650 1206 715 1265 Nee
727 1220 822 1266 tamen
834 1206 1033 1279 concludunt,
1043 1203 1114 1265 talia
1124 1222 1239 1265 ornnem
1252 1221 1411 1266 numerum

220 1318 353 1394 superare
380 1335 418 1378 ert
445 1314 571 1393 partium
597 1315 803 1394 multitudine;
831 1316 881 1378 sed
909 1336 947 1378 ex
976 1336 1030 1394 eo,
1058 1320 1140 1394 quod
1161 1317 1202 1378 rei
1223 1333 1327 1379 natura
1348 1337 1415 1378 non

221 1429 280 1492 fine
301 1429 449 1491 manifesta
470 1427 702 1491 contradictione
724 1447 875 1492 numerum
895 1431 957 1506 pati
979 1430 1092 1507 potest,
1110 1447 1145 1492 ut
1163 1449 1210 1492 ex.
1222 1445 1294 1510 grat.
1307 1448 1416 1492 omnes

379 1573 412 1633 Α
575 1540 791 1618 inaequalitatet
817 1542 903 1618 spatii
930 1543 1048 1604 duobus
1076 1541 1191 1604 circulis
1218 1543 1271 1604 AB
1298 1557 1329 1603 et
1357 1541 1417 1602 CD

574 1645 754 1724 interpoliti,
784 1648 941 1725 omnesque
968 1647 1164 1724 variationes,
1193 1665 1266 1726 quat
1291 1647 1417 1709 materia

575 1753 604 1814 in
617 1769 653 1814 eo
665 1769 745 1814 mota
756 1753 819 1830 pati
834 1755 957 1829 debeat,
974 1771 1089 1815 omnem
1101 1770 1251 1814 numerum
1262 1752 1416 1828 superant.

574 1859 668 1935 quue
686 1876 746 1919 non
769 1857 956 1920 concluditur
974 1875 1013 1918 en
1033 1856 1120 1918 nimia
1137 1856 1224 1933 spatii
1245 1855 1418 1934 interpoliti

575 1963 790 2042 magnitudine:
811 1965 887 2024 Nam
908 1962 1098 2040 quantumvis
1119 1981 1237 2039 parvam
1259 1961 1323 2040 ejua
1342 1979 1417 2039 por-

575 2071 686 2132 tionem
714 2069 879 2146 capiamus,
905 2068 994 2146 hujus
1021 2083 1118 2129 tamen
1144 2086 1241 2144 parvae
1262 2066 1419 2144 portionis

390 2203 416 2260 ῃ
441 2227 444 2233 .
575 2177 791 2255 inaequalitates
809 2194 923 2238 ornnem
942 2193 1091 2237 numerum
1107 2175 1295 2251 superabunt.
1306 2174 1421 2250 Neque

577 2283 664 2345 etiam
692 2281 802 2343 idcirco
831 2279 1034 2356 concluditur,
1056 2297 1090 2341 ut
1110 2280 1141 2342 in
1163 2280 1226 2342 aliis
1247 2279 1420 2358 contingit,

225 2387 308 2462 quod
338 2382 402 2460 ejus
433 2381 588 2443 martimum
619 2396 650 2441 et
681 2378 828 2439 minimum
859 2395 919 2438 non
951 2376 1125 2454 habcamus;
1157 2392 1313 2452 utrumque
1337 2375 1420 2436 enim

225 2496 255 2558 in
286 2495 345 2556 hoc
372 2494 471 2555 nollro
503 2490 638 2568 exemplo
669 2489 826 2564 habemus,
858 2486 1013 2549 maximum
1042 2505 1145 2562 nempe
1174 2488 1243 2562 AB,
1264 2484 1420 2546 minimum

225 2626 298 2672 vero
325 2607 397 2682 CD;
424 2606 475 2667 sed
496 2624 533 2666 ex
554 2622 591 2664 eo
613 2618 728 2664 tantum
757 2599 961 2675 concluditur,
983 2601 1065 2676 quod
1086 2614 1191 2661 natura
1211 2597 1315 2675 spatii,
1337 2597 1420 2658 inter

226 2723 302 2782 duos
333 2719 458 2780 circulos
490 2715 603 2779 diversa
635 2729 736 2774 centra
766 2713 909 2773 habentes
941 2710 1125 2787 interposui,
1158 2709 1229 2771 nihil
1261 2710 1319 2770 tale
1353 2710 1420 2786 pati

225 2831 320 2909 polht.
340 2797 482 2906 Ideoque,
503 2827 523 2887 sr
544 2827 611 2904 quis
633 2843 734 2887 omnes
754 2825 817 2886 illas
838 2822 1053 2900 inequalitates
1076 2835 1159 2883 certo
1181 2821 1281 2898 aliquo
1292 2840 1420 2883 numero

226 2943 416 3006 determinare
446 2939 536 3017 velit,
566 2938 646 3000 srmul
677 2937 790 2998 efficere
824 2935 961 3011 debebit,
993 2951 1027 2995 ut
1060 2935 1185 2996 circulus
1213 2952 1273 2994 non
1302 2931 1339 2994 stt
1361 2933 1420 2994 cir·

228 3041 320 3102 culus.

267 3135 314 3198 Sic
346 3134 450 3208 etiam,
481 3146 515 3194 ut
546 3135 582 3194 ad
614 3131 741 3193 nostrum
772 3130 954 3207 propositum
987 3145 1131 3206 revertar,
1162 3129 1184 3189 sr
1215 3129 1282 3206 quis
1314 3147 1421 3192 ornnes

226 3248 351 3310 materiae
390 3261 506 3322 motus,
544 3243 595 3322 qui
633 3243 786 3320 hucusque
824 3244 962 3319 fuerunt,
999 3241 1189 3305 determinare
1229 3244 1331 3320 volet,
1365 3261 1422 3302 eos

226 3359 352 3435 scilicet,
390 3375 550 3434 eorumque
590 3355 782 3417 Durationem
822 3357 859 3415 ad
898 3370 1009 3417 certum
1047 3373 1197 3416 numerum
1236 3369 1266 3414 et
1297 3369 1421 3429 tempus

226 3471 403 3550 redigend03
433 3469 459 3530 is
490 3483 569 3531 certe
600 3466 672 3529 nihil
704 3466 783 3528 aliud
814 3467 987 3544 conabitur,
1019 3485 1104 3544 quam
1133 3464 1328 3528 Substantiam
1350 3483 1420 3525 cor-

226 3601 362 3659 poream,
390 3601 476 3660 quarn
497 3600 556 3643 non
579 3579 630 3641 nifi
652 3579 823 3640 existentem
846 3579 1002 3655 concipere
1023 3577 1189 3655 possumus,
1212 3577 1270 3638 suis
1292 3576 1419 3638 Affeeti-

228 3694 336 3755 onibus
363 3692 493 3769 privare,
523 3708 568 3768 et,
597 3707 631 3752 ut
659 3706 807 3766 naturam,
830 3709 915 3767 quarn
936 3690 1043 3761 habet,
1064 3709 1125 3751 non
1145 3690 1270 3764 habeat,
1291 3687 1420 3749 efficere.

227 3807 302 3889 Quae
327 3806 401 3866 clare
429 3805 621 3866 demonstrare
649 3803 697 3864 hic
726 3803 852 3880 pollent,
882 3818 915 3863 ut
948 3819 977 3864 et
999 3802 1054 3863 alia
1083 3803 1194 3878 multa,
1222 3820 1287 3878 quae
1309 3801 1340 3862 in
1361 3801 1419 3862 hac

227 3917 358 3994 Epistola
380 3915 482 3996 attigi,
501 3916 553 3979 nist
574 3915 603 3977 id
627 3916 802 3992 superfluum
820 3914 991 3993 judicarem.

267 4029 314 4090 Ex
337 4029 472 4090 omnibus
498 4027 557 4105 jam
586 4027 671 4090 diuis
699 4028 773 4089 clare
802 4026 902 4091 videre
932 4026 989 4102 eh,
1011 4028 1142 4103 quaedam
1164 4026 1215 4088 sud
1235 4027 1340 4087 naturl
1361 4025 1419 4086 elle

229 4139 358 4216 infinita,
387 4158 441 4201 nec
470 4139 531 4202 ullo
564 4141 653 4200 modo
681 4139 763 4200 finita
785 4138 903 4214 concipi
925 4136 1023 4214 polle3
1045 4140 1177 4215 quaedarn
1200 4155 1272 4199 vero
1294 4136 1325 4199 vi
1348 4155 1419 4197 cau-

229 4253 283 4330 sae,
304 4251 351 4313 cui
373 4250 532 4327 inhaerent,
560 4269 625 4328 quae
648 4266 763 4327 tamen,
784 4250 835 4312 ubi
857 4250 993 4311 abstrade
1017 4248 1244 4325 concipiuntur,
1266 4248 1295 4308 in
1318 4264 1418 4324 partes

230 4363 347 4442 possunt
375 4363 485 4438 dividi,
512 4377 543 4424 et
571 4379 604 4424 ut
633 4361 715 4423 finita
737 4360 873 4438 spedari3
896 4363 1027 4441 quaedam
1050 4359 1178 4437 denique
1200 4349 1329 4436 infinita,
1352 4361 1419 4436 vel,
