2926 4896
472 365 678 442 Epistola
710 367 804 427 XVII,
1191 373 1231 440 59

36 544 108 604 licet
129 547 235 604 mem
256 547 343 606 valde
365 541 546 620 decreverit,
567 542 618 603 ubi
639 559 718 606 tuam
747 542 930 619 prudentiam
951 557 982 602 et
1001 539 1087 602 animi
1109 539 1228 602 sortitu·

37 655 136 716 dinem
168 657 340 732 perpendo,
372 655 483 733 quibus
513 657 660 732 fortunae,
680 657 729 720 vel
750 655 853 732 potius
874 653 1024 731 opinionis
1044 653 1230 716 incommoda

38 785 75 827 eo
97 785 255 846 tempore,
276 785 338 845 quo
359 767 534 830 validissimis
557 783 588 829 te
603 783 785 848 oppugnant
805 767 906 842 armis,
927 782 1114 828 contemnere
1145 765 1230 828 nosci.

38 881 109 940 Mea
130 895 233 940 tamen
255 879 350 940 indies
370 878 511 940 accrescit
533 879 720 956 sollicitudo;
741 895 772 940 et
793 895 948 956 propterea
968 895 1020 954 per
1039 876 1163 938 nostram
1174 893 1230 954 ego

38 1007 68 1050 te
90 990 253 1053 amicitiam
275 1009 329 1052 oro
351 1007 443 1068 atque
465 991 605 1068 obsecro,
623 1011 659 1052 ne
682 991 781 1054 multis
801 994 840 1053 ad
860 1009 905 1052 me
926 989 1048 1052 scribere
1069 987 1124 1050 tibi
1143 1005 1231 1068 grave

38 1101 82 1162 stt.
108 1106 267 1185 Qrsantum
288 1104 403 1180 omina,
425 1121 549 1184 quprum
572 1103 750 1166 mentionem
772 1105 860 1181 facis,
881 1104 1004 1178 attinet,
1024 1119 1128 1178 nempe
1149 1103 1231 1178 quod

39 1213 156 1276 infante
189 1229 244 1278 tao
276 1213 371 1276 adhuc
402 1215 473 1276 sano
502 1231 532 1275 et
561 1217 679 1278 valente
700 1217 774 1277 tales
794 1215 920 1294 gemitus
942 1212 1105 1288 audiveris,
1130 1213 1231 1290 quales

38 1329 150 1387 edebat
172 1343 264 1402 quum
282 1328 463 1404 agrotabat,
483 1341 514 1387 et
536 1329 626 1402 paulo
647 1327 712 1402 post
733 1327 803 1388 satis
824 1329 1021 1402 concedebat;
1041 1324 1230 1388 existimarem

40 1454 112 1514 ego,
132 1437 216 1498 hanc
238 1455 338 1500 verum
359 1455 420 1498 non
442 1437 523 1498 soille
546 1437 701 1516 gemitum,
722 1439 771 1500 sed
792 1455 852 1500 non
874 1438 925 1500 nid
947 1454 1027 1500 tuam
1048 1435 1231 1516 imaginatio·

38 1567 123 1624 nem;
146 1547 219 1625 quia
247 1547 308 1625 ais,
335 1553 435 1626 quod,
455 1567 544 1625 quum
565 1565 596 1610 te
618 1551 754 1626 levabas,
775 1565 823 1626 et,
844 1567 878 1612 ut
905 1550 1035 1626 audace,
1058 1564 1089 1610 te
1110 1566 1231 1624 compo·

38 1664 150 1740 nebat,
174 1677 234 1722 taut
255 1663 330 1722 clare
352 1679 405 1724 eos
426 1679 486 1722 non
508 1661 674 1738 audiveris,
702 1679 788 1738 qoam
810 1677 915 1738 antea,
934 1664 983 1725 vel
1003 1661 1122 1737 polica,
1143 1677 1232 1737 quum

38 1773 67 1833 in
91 1773 230 1834 somnum
251 1773 381 1850 relapsus
404 1773 503 1834 meris.
544 1774 681 1836 Prosedlo
701 1775 760 1838 hoc
781 1775 926 1851 ostendit,
952 1791 1006 1837 eos
1025 1773 1151 1854 gemitus
1172 1791 1232 1834 non

39 1886 91 1945 nili
113 1903 225 1946 meram
246 1883 328 1946 soilse
350 1885 606 1964 imaginationem,
628 1905 693 1963 quse
715 1888 811 1950 soluta
831 1903 861 1950 et
882 1888 972 1949 libera
993 1903 1090 1950 certos
1107 1885 1234 1966 gemitus

40 1997 195 2058 efficacius
228 2012 258 2057 et
290 1996 420 2060 vividius
452 1996 601 2076 imaginari
633 1999 752 2076 potuit,
783 2017 868 2076 quarn
891 2017 928 2061 eo
949 2017 1099 2076 tempore,
1120 2017 1182 2075 quo
1201 2013 1232 2060 te

41 2111 198 2188 erigebas,
231 2125 265 2171 ut
295 2111 332 2170 ad
364 2123 474 2170 certum
506 2113 604 2172 locum
626 2112 758 2174 auditum
779 2113 926 2192 dirigeres.
968 2114 1058 2194 Quod
1078 2109 1127 2174 bic
1147 2110 1234 2187 dieo,

40 2220 99 2279 alio
122 2219 212 2295 casu,
234 2219 285 2296 qui
306 2219 376 2280 milti
404 2221 501 2296 elapsa
520 2221 613 2283 bieme
635 2224 865 2303 Rhenobutgi*
896 2223 1020 2300 accidit,
1046 2223 1232 2294 confirmare,

41 2332 188 2410 sumulque
221 2331 366 2408 explicare
398 2331 518 2407 polium.
560 2335 657 2415 Quum
689 2336 816 2410 quodam
848 2353 930 2396 mane
942 2380 952 2411 ,
980 2333 1145 2396 lucescente
1173 2331 1232 2410 jam

43 2447 139 2522 ctelo,
162 2463 202 2506 ex
224 2443 337 2505 somnio
359 2443 519 2524 gmvlffimo
540 2444 721 2524 evigilarem,
742 2446 895 2526 imagines,
913 2463 979 2522 qua
996 2443 1232 2508 mihiinsontnio

43 2571 253 2631 occurrerant,
283 2573 341 2616 tam
374 2555 474 2620 vivide
507 2558 546 2616 ob
579 2559 683 2618 oculos
715 2557 922 2634 versabantur,
951 2575 984 2618 ac
1008 2555 1030 2618 st
1050 2574 1095 2617 res
1116 2553 1233 2619 misera

44 2687 141 2744 uerae,
165 2683 196 2728 et
217 2667 373 2744 prasertim
403 2667 551 2744 cujusdam
574 2667 647 2746 nigri
669 2683 699 2729 et
721 2668 841 2732 scabiosa
868 2668 1030 2746 Brafiliani,
1050 2687 1136 2746 quem
1158 2687 1232 2730 nun·

44 2797 132 2856 qoam
150 2807 154 2818 v
173 2792 260 2839 antea
296 2775 434 2841 videram.
476 2780 548 2838 Hac
585 2779 682 2859 imago
721 2795 832 2856 partem
868 2780 1018 2842 maximam
1050 2779 1234 2856 disparebat,

44 2893 185 2966 «luendo,
208 2905 240 2951 ut
260 2907 305 2950 me
327 2889 381 2950 alia
403 2907 432 2950 re
454 2891 646 2967 obleslarem,
666 2894 771 2954 oculos
792 2891 822 2954 in
842 2892 947 2954 librum
978 2894 1027 2955 vel
1054 2892 1132 2954 aliud
1161 2891 1233 2970 quid

44 3003 225 3081 deligebant:
247 3001 458 3078 quamprimum
481 3020 553 3065 vero
575 3005 706 3066 oculosa
719 3004 769 3065 tali
792 3005 910 3080 objeslo
932 3004 1027 3066 rursus
1049 3005 1235 3080 avertebam,

45 3116 102 3177 line
138 3113 305 3178 attentione
337 3115 366 3175 in
399 3115 509 3192 aliquid
541 3118 645 3178 oculos
677 3118 850 3196 defigendo,
882 3117 950 3180 mihi
983 3121 1082 3180 eadem
1105 3116 1232 3193 ejusdem

44 3227 203 3303 AEthiopis
233 3227 328 3306 imago
361 3230 460 3288 eidem
492 3227 666 3304 vividitate,
695 3245 725 3289 et
746 3248 799 3306 per
819 3228 921 3306 vices,
941 3231 1116 3306 apparebat,
1137 3232 1233 3290 donec

45 3341 188 3416 paulatim
219 3341 296 3401 circa
327 3355 417 3416 caput
449 3340 616 3416 dispareret.
657 3339 754 3417 Dico,
784 3343 878 3419 idem,
906 3345 989 3420 qood
1008 3341 1079 3404 mihi
1100 3341 1129 3403 in
1151 3341 1234 3406 sensu

46 3472 112 3514 meo
142 3453 260 3514 interno
282 3451 361 3515 visus
382 3453 528 3528 occurrit,
548 3453 578 3514 in
599 3469 654 3516 tuo
679 3453 834 3516 occurrisse
863 3455 976 3520 auditu.
1017 3456 1074 3517 Sed
1095 3453 1234 3531 quoniam

45 3565 132 3628 causa
164 3567 253 3644 longe
285 3565 398 3630 diversa
429 3566 505 3642 suit,
535 3565 619 3628 casus
650 3583 738 3642 tutu,
760 3585 820 3630 non
843 3585 914 3630 vero
936 3585 1038 3643 meus,
1058 3586 1143 3628 omen
1165 3567 1234 3629 sctit.

46 3680 92 3739 Ex
114 3696 170 3754 eo,
192 3679 275 3755 qvod
292 3676 352 3753 jam
375 3681 513 3755 narrabo,
535 3697 580 3740 res
603 3681 677 3740 clare
699 3680 943 3756 deprehendetur.
983 3679 1113 3742 Effedius
1133 3679 1232 3760 imagi-

45 3789 179 3850 nationis
210 3807 247 3850 ex
279 3789 491 3852 constitutione
520 3793 567 3854 vel
599 3791 741 3867 Corporis
762 3792 810 3854 vel
831 3791 944 3852 Mentis
964 3791 1107 3853 oriuntur.
1148 3791 1234 3866 Hoc,

47 3917 79 3962 ut
110 3919 227 3962 omnem
265 3901 373 3964 evitem
409 3903 632 3979 prolixitatem,
664 3903 919 3980 impraesentiartuo
956 3903 1018 3966 sola
1054 3904 1234 3982 experientia

47 4017 151 4090 probo.
181 4013 357 4091 Eriperlmur
376 4015 489 4091 febres,
510 4014 638 4092 aliasque
652 4017 819 4091 'corporeas
842 4015 1045 4091 alterationes,
1067 4015 1233 4078 delitiarum

78 4285 91 4312 ’
125 4283 218 4345 ltaque
246 4291 290 4332 aut
317 4281 471 4349 Voorburgo
496 4281 590 4334 amicos
617 4281 743 4334 revisurus
765 4281 825 4332 illuc
849 4281 963 4335 rcvetlus
979 4293 1050 4344 erat,
1067 4293 1110 4331 aut
1126 4279 1231 4346 eplstola

47 4364 101 4416 suni
122 4361 187 4428 1663
205 4363 256 4414 eli:
269 4363 311 4416 cs.
327 4363 400 4427 supra
415 4379 473 4432 pag.
489 4366 531 4428 46.
