2926 4896
490 352 696 428 Epistola
727 353 808 412 XVI.
1209 363 1247 426 57

54 529 213 604 videlieet,
224 527 428 607 resurgentis*
445 527 641 606 Philosophia:
651 527 798 591 solidioris
808 529 916 605 placita
935 529 1018 590 claris
1040 529 1247 606 experimentis

55 639 209 715 illustrati,
229 656 260 700 er
280 640 343 702 haec
365 639 426 716 ipsa
446 638 504 702 stne
531 638 702 703 scholarum
725 640 841 716 formis,
864 639 1074 717 qualitatibus,
1097 640 1248 702 elementis

56 751 224 830 nugatoriis
247 751 360 827 optime
380 751 518 828 explicari
540 749 637 828 polse3
664 751 834 828 neutiquam
855 767 952 813 eutem
973 751 1003 814 in
1025 750 1054 812 se
1076 751 1248 828 suscepisse,

57 881 192 926 naturam
223 863 305 926 Nitri
332 868 456 941 docere,
487 866 535 928 vel
568 865 653 926 etiarn
685 865 848 940 improbare
879 884 932 940 eu,
964 883 1029 942 quae
1057 867 1093 926 de
1121 865 1247 928 materiae

56 975 319 1056 homogeneitate,
340 977 435 1052 deque
457 991 613 1052 corporum
635 975 824 1053 differentiis,
846 995 883 1036 ert
904 991 988 1038 motu
1010 993 1039 1037 et
1060 978 1168 1056 figura,
1190 994 1247 1038 erc.

56 1092 206 1150 duntaxat
235 1087 455 1163 exorientibus,
483 1107 499 1148 a
528 1106 676 1166 quoquam
705 1089 781 1150 tradi
810 1087 938 1165 possunt.
963 1089 1031 1149 Hoc
1053 1091 1198 1150 duntaxat
1219 1088 1247 1150 se

57 1197 184 1260 voluisse
204 1197 263 1275 ait,
285 1214 418 1260 texturas
439 1216 596 1275 corporum
617 1200 731 1276 vanas,
757 1200 836 1263 varia
857 1217 958 1261 eorum
979 1199 1142 1262 discrimina
1162 1200 1247 1262 indu·

56 1315 152 1388 cere,
173 1313 210 1370 ab
242 1309 337 1387 iisque
369 1309 482 1374 diversa
514 1313 671 1373 admodum
701 1311 801 1372 ellesia
834 1311 995 1386 proficisci,
1027 1312 1141 1388 riteque
1164 1312 1247 1390 inde,

57 1422 202 1500 quamdiu
226 1425 263 1484 ad
284 1421 403 1498 primam
424 1421 571 1482 materiam
593 1421 733 1482 resolutio
755 1422 830 1484 satia
851 1439 911 1482 non
931 1420 1247 1501 fuerit,hererogenei-

56 1551 150 1596 tatem
185 1534 310 1612 aliquam
342 1552 359 1593 a
390 1532 574 1608 philosophis
605 1547 635 1593 et
664 1532 727 1593 aliis
754 1531 902 1595 concludi.
922 1533 997 1593 Nec
1019 1548 1137 1609 putem,
1155 1533 1186 1594 in
1208 1535 1248 1595 rei

56 1649 155 1710 fundo
180 1647 256 1708 inter
277 1663 307 1707 te
329 1661 359 1706 et
380 1645 538 1707 Dominum
560 1643 868 1724 Boyliunr‘dilsensum
891 1643 955 1706 else.
983 1647 1074 1727 Quod
1097 1663 1167 1708 vero
1188 1646 1248 1721 ais,

56 1779 178 1822 omnem
207 1761 332 1835 calcem,
361 1759 444 1836 cujus
473 1759 585 1819 mettis
613 1757 794 1836 angustiores
822 1758 907 1833 sunt,
928 1775 1014 1836 quam
1036 1775 1069 1820 ur
1090 1759 1248 1835 particulas

54 1873 139 1934 Nitri
174 1869 325 1944 continere
358 1887 484 1947 queant,
514 1887 699 1946 quorumque
731 1869 858 1946 parietes
888 1869 1018 1950 languidi
1047 1870 1130 1948 sunt,
1151 1885 1248 1947 aptam

60 1984 120 2044 ell'e
153 1987 191 2045 ad
224 1997 336 2045 motum
367 1967 572 2058 particularum
603 1980 683 2044 Nitti
704 1980 874 2058 sistendum,
894 1982 1077 2060 proindeque
1098 1984 1135 2044 ad
1155 1982 1247 2058 ipsum

58 2095 181 2157 Nireum
214 2094 483 2174 redintegrandum
521 2089 677 2169 respondet
708 2095 848 2172 Boylius,
877 2093 898 2155 fi
929 2111 994 2155 curn
1026 2093 1089 2155 aliis
1119 2093 1248 2156 calcibus

58 2209 191 2285 Spiritus
210 2207 291 2269 Nitti
311 2205 472 2282 misceatur,
489 2225 549 2268 non
571 2221 668 2268 tamen
690 2225 755 2267 cum
777 2206 844 2282 ipfis
865 2223 966 2270 vetum
987 2205 1104 2268 Nitrum
1126 2225 1246 2284 compo-

58 2321 146 2383 sttum
168 2319 213 2381 iri.

102 2433 214 2515 Quoad
235 2429 525 2498 Ratiocinationem,
543 2449 600 2508 qua
619 2433 657 2495 ad
667 2433 857 2494 evertendum
870 2449 995 2494 vacuum
1006 2431 1248 2510 uteris‚attinet,

59 2541 101 2604 ait
132 2542 276 2622 Boylius,
307 2541 335 2602 se
367 2559 428 2603 eam
459 2539 539 2603 nolle
570 2557 601 2602 et
631 2521 808 2618 praettidilse,
845 2557 875 2603 at
906 2541 936 2603 in
967 2542 1028 2618 ipsa
1065 2562 1248 2622 nequaquam

59 2653 261 2732 acquiescere:
283 2671 341 2731 qua
362 2654 399 2715 de
419 2671 448 2714 re
469 2652 538 2714 alibi
559 2653 675 2715 dicendi
694 2654 793 2716 locunt
814 2655 878 2716 lore
900 2652 1003 2716 asserit.

99 2764 210 2841 Periit,
241 2781 275 2826 ut
304 2781 334 2825 te
365 2783 513 2844 rogarem,
544 2783 580 2826 an
613 2764 799 2842 suppeditare
831 2765 884 2842 ipli
906 2767 1069 2844 exemplum
1090 2768 1195 2845 polis,
1217 2769 1247 2830 in

61 2897 122 2956 quo
145 2880 209 2940 duo
229 2895 355 2954 corpora
376 2879 485 2953 odon,
512 2877 541 2938 in
564 2897 653 2939 unum
682 2879 823 2952 conllata,
851 2897 961 2956 corpus
986 2879 1070 2956 plane
1092 2879 1247 2943 inodotum

62 2990 197 3068 (Nitrum
228 2989 352 3070 scilicet)
385 3005 573 3066 componant.
614 2991 703 3050 Tales
734 2989 776 3050 ait
798 2989 853 3050 else
874 3004 972 3066 partes
992 2991 1087 3067 Nitri,
1108 2991 1247 3067 Spiritum

60 3103 174 3181 quippe
203 3101 291 3177 ipsius
319 3101 496 3164 teterrimum
526 3102 655 3180 spargere
683 3106 821 3180 odotem,
846 3099 1025 3180 Nitrumque
1044 3096 1133 3164 itum
1156 3107 1247 3166 odore

60 3234 122 3276 non
146 3213 275 3276 destitui.
372 3199 375 3208 ¹

99 3329 204 3405 Rogat
233 3343 339 3404 porro,
371 3341 403 3387 ut
435 3329 526 3402 probe
558 3325 741 3404 consideres,
772 3346 808 3388 an
840 3331 962 3404 probam
993 3327 1151 3390 institueris
1171 3328 1247 3390 inter

59 3439 182 3524 glaciem
195 3457 375 3516 ,aquamque
407 3457 472 3501 cum
503 3439 592 3500 Nitto
624 3439 744 3517 ejusque
765 3439 877 3516 Spiritu
897 3439 1159 3516 comparationem:
1181 3460 1246 3503 cum

58 3569 127 3614 tota
158 3551 266 3631 glacies
296 3570 357 3613 non
389 3551 440 3612 nist
468 3551 498 3612 in
527 3570 631 3628 aquarn
658 3552 819 3616 resolvatur
827 3597 837 3629 ,
863 3552 1026 3632 glaciesque
1055 3553 1195 3630 inodora,
1217 3553 1246 3615 in

59 3684 165 3743 aquam
188 3663 313 3740 relapsa,
333 3663 456 3725 inodora
476 3680 659 3740 permaneam
682 3663 878 3740 discrepantes
900 3682 971 3727 vero
993 3665 1151 3742 qualitates
1171 3667 1247 3729 inter

59 3777 140 3838 Nitri
161 3775 295 3854 spiritum
316 3775 436 3854 ejusque
457 3775 541 3838 salem
562 3777 651 3838 linum
672 3775 866 3854 reperiantur;
889 3777 931 3839 uti
953 3778 1108 3840 Traditus
1129 3779 1245 3856 impres-

60 3890 108 3950 sus
129 3890 249 3952 munde
269 3889 368 3948 docet.

100 4004 177 4064 llaec
206 4017 238 4062 et
269 3999 386 4076 similia,
415 4000 492 4062 inter
522 3999 713 4064 disserendum
742 4005 779 4064 de
799 4003 857 4065 hoc
879 4021 1066 4084 argumento,
1086 4009 1122 4067 ab
1143 4005 1246 4068 lllullri

62 4119 198 4180 Authore
227 4113 325 4178 nolito
354 4113 548 4192 accipiebam
569 4133 653 4193 quae,
673 4133 724 4192 per
745 4115 889 4181 memoriae
910 4135 980 4178 meae
1001 4115 1247 4194 imbecillitatem,

95 4373 107 4396 ¹
143 4367 192 4426 ud.
209 4367 267 4418 Pr:
293 4365 448 4432 resurgenti.
