2926 4896
475 371 679 445 Epistola
708 370 787 432 XIX.
1184 378 1225 453 69

37 564 106 623 ergo
136 545 331 625 interrogare,
361 548 547 622 quamobrem
569 545 621 622 ipii
643 548 844 623 persediorem
866 567 925 610 non
952 549 1065 610 dederit
1086 551 1224 612 volunta·

38 674 113 732 tem,
145 656 187 717 est
218 677 300 734 aeque
333 657 503 732 absurdum,
531 677 564 718 ac
592 657 789 737 intenogare,
816 677 868 720 cur
889 659 998 721 circulo
1020 679 1122 722 omnes
1142 661 1223 740 globi

40 768 237 843 proprietates
265 786 325 830 non
354 768 444 830 fuerit
463 769 602 847 largitus,
623 769 667 830 uti
689 788 726 830 ert
746 769 832 847 supra
853 769 937 833 diois
958 772 1108 848 perspicue
1129 771 1224 850 sequi-

40 897 101 956 tur,
128 896 162 942 et
191 900 247 961 ego
274 880 395 942 Scholio
424 881 695 958 Prop.15.Partis
721 882 820 959 primae
849 883 977 960 Princip.
1006 884 1117 946 Cartes.
1145 903 1224 948 more

39 994 230 1056 Geometn'co
252 995 437 1056 demonstrat.
458 993 663 1056 demonstravi.

76 1110 243 1169 Secundam
270 1107 472 1169 difficultatem
499 1111 582 1185 quod
609 1108 735 1184 attinet,
764 1127 866 1172 verum
893 1109 1012 1187 quidem
1041 1110 1099 1186 est,
1119 1111 1225 1188 impios

38 1221 92 1282 Dei
114 1223 301 1284 voluntatem
324 1221 376 1282 suo
397 1221 487 1281 modo
509 1220 686 1296 exprimere3
714 1219 783 1283 ideo
805 1236 902 1281 tamen
924 1239 990 1282 cum
1011 1221 1113 1298 probis
1133 1223 1225 1284 nulla·

39 1353 124 1396 tenus
145 1333 215 1395 sunt
236 1333 438 1409 comparandi:
460 1349 520 1410 quo
541 1332 617 1392 enim
639 1335 701 1394 Res
722 1331 819 1410 aliqua
837 1334 903 1408 plus
920 1331 1109 1408 perfeetionis
1117 1331 1226 1409 habet,

41 1465 74 1506 eo
94 1447 186 1508 etiam
208 1445 297 1525 magis
318 1448 354 1506 de
375 1445 494 1505 Deitate
515 1444 691 1522 participat,
711 1445 826 1522 Deique
859 1443 1069 1520 persedionem
1090 1444 1228 1521 exprimit

41 1560 137 1638 magis.
182 1561 281 1642 Quum
302 1575 372 1638 ergo
393 1557 479 1634 probi
510 1556 746 1619 inaestimabiliter
765 1558 833 1634 plus
853 1555 1043 1633 perstitionis
1065 1575 1151 1634 quam
1172 1557 1226 1618 im-

40 1673 123 1748 probi
158 1673 305 1747 habeant‚
335 1669 433 1733 virtus
465 1687 565 1730 eorum
597 1688 661 1730 cum
694 1669 891 1745 improborum
926 1668 1036 1730 virtute
1068 1669 1227 1746 comparari

40 1783 164 1860 nequit,
191 1803 228 1846 eo
256 1785 337 1860 quod
358 1781 483 1858 improbi
506 1800 602 1843 amore
624 1780 755 1857 Divino,
775 1780 826 1858 qui
849 1799 885 1840 ex
907 1780 964 1841 Dei
985 1780 1105 1856 profluit
1126 1779 1227 1859 cogni-

40 1895 141 1970 tione,
173 1909 204 1954 et
234 1912 295 1971 quo
325 1893 389 1956 solo
420 1911 476 1955 nos
507 1911 560 1970 pro
592 1893 720 1954 humano
751 1893 850 1954 nostro
880 1892 1030 1952 intelledu
1064 1890 1121 1952 Dei
1151 1889 1227 1954 servi

40 2008 182 2082 dicimur,
209 2020 317 2068 carent.
359 2005 440 2081 imo,
467 2004 537 2082 quia
566 2005 661 2066 Deum
689 2022 750 2065 non
779 2002 981 2083 cognoscunt,
1007 2021 1067 2064 non
1089 2003 1156 2064 sunt
1176 2001 1227 2062 nist

42 2117 263 2177 instrumentum
294 2115 325 2176 in
356 2133 442 2175 manu
473 2112 623 2189 Artificis,
653 2116 734 2190 quod
756 2112 877 2175 inscium
899 2113 1003 2189 servit,
1023 2129 1054 2174 et
1073 2110 1227 2176 serviendo

42 2229 241 2304 consumitur;
269 2226 355 2303 probi
383 2242 485 2288 contra
514 2225 624 2287 conscii
644 2224 792 2302 serviunt,
815 2240 845 2286 et
865 2223 1018 2288 serviendo
1040 2224 1227 2301 perfeoiores

42 2345 185 2404 evadunt.

574 2513 717 2525 ——

72 2699 199 2752 Addimus
223 2697 300 2761 ipous
324 2693 434 2748 rudioris
457 2696 536 2746 verba
555 2691 720 2756 Hodandict,
746 2707 803 2756 quae
820 2692 845 2742 in
864 2691 944 2744 diario
963 2693 1021 2744 enni
1043 2705 1115 2758 1705.
1132 2693 1229 2758 publici

41 2782 104 2844 juris
123 2781 185 2833 fecit
202 2778 347 2832 Franciscus
363 2779 452 2830 Heium
475 2792 507 2828 ex
533 2777 688 2843 autographo
706 2775 782 2826 hodie
799 2774 941 2839 deperdito.
973 2777 1047 2844 Quod
1065 2789 1181 2828 accurate
1197 2779 1228 2828 ab

41 2867 84 2916 ἰΙΙο
103 2863 257 2928 descriptum
276 2861 336 2926 esst,
353 2864 475 2926 probatur
493 2857 605 2924 Epistola
623 2859 720 2910 xxvrl
730 2859 800 2910 ssmui
817 2856 1057 2922 expremcujusque
1066 2861 1229 2923 archetypum

45 2951 175 3000 babemus.

127 3130 269 3194 (moerent
293 3128 338 3180 der
363 3126 486 3180 Geleerde
504 3125 630 3186 Wetrelt,
646 3121 837 3186 Meam-April
857 3135 935 3188 1705,
951 3122 1001 3174 blz.
1018 3137 1068 3188 552
1085 3123 1146 3189 vv.)

245 3317 318 3390 Myer
340 3317 433 3392 Heer,
454 3336 487 3374 en
502 3317 570 3393 seer
590 3333 765 3391 aangename
785 3318 893 3374 orient.

87 3474 123 3532 U.
146 3473 184 3534 E.
216 3472 299 3549 brief
324 3491 384 3532 van
414 3474 467 3531 den
501 3489 545 3532 12.
577 3473 722 3550 ingessoote
753 3477 784 3531 in
816 3492 865 3531 een
896 3473 988 3532 ander
1017 3489 1078 3531 van
1109 3473 1161 3532 den
1192 3489 1227 3532 21

44 3584 206 3661 december,
229 3583 283 3646 heb
301 3587 333 3644 ik
352 3599 387 3666 op
407 3587 461 3645 den
482 3587 521 3692 ης
541 3587 616 3662 dito,
637 3587 729 3663 syride
750 3599 778 3645 te
792 3583 945 3663 schidam,
965 3585 1037 3662 eerst
1057 3583 1231 3663 verfangen,
1316 3636 1318 3640 .

44 3711 92 3769 uyt
110 3699 146 3756 de
165 3697 252 3757 welke
272 3697 399 3774 verstont
413 3695 471 3772 syn
492 3699 529 3758 E.
556 3711 657 3773 groote
676 3697 763 3775 liefde
783 3709 824 3757 tot
845 3697 879 3755 de
900 3695 1036 3770 monroyr
1042 3741 1052 3772 ,
1072 3716 1106 3755 en
1124 3699 1178 3758 dat
1196 3717 1232 3772 ny

45 3811 131 3868 alleen
159 3807 208 3870 het
237 3811 299 3870 doel
321 3827 382 3870 van
409 3813 443 3870 al
465 3813 522 3889 syn
548 3809 804 3888 geneegentlzeeden
824 3815 868 3887 is,
888 3812 940 3870 dat
960 3829 1017 3886 my,
1038 3812 1083 3870 die
1104 3813 1154 3871 ook
1174 3816 1233 3872 m'et

46 3921 146 3978 andm
168 3920 284 3996 beoogr,
301 3918 379 3997 heeft
404 3923 472 3981 doen
500 3922 637 3999 bestuyten
657 3926 718 3982 niet
738 3923 827 3982 alleen
862 3921 928 3982 ΗΕ.
949 3922 1085 3999 versoek,
1105 3925 1233 3999 namelyle

49 4049 102 4089 ran
129 4044 165 4111 op
193 4033 227 4092 de
253 4051 403 4108 vraagen,
430 4035 477 4094 die
505 4032 542 4108 hy
569 4053 608 4094 ηη
629 4036 714 4112 sent,
736 4055 770 4093 en
789 4039 821 4093 r'n
839 4035 956 4110 gevolr'g
968 4035 1078 4112 fenden
1091 4036 1160 4113 sal,
1179 4055 1233 4096 nae

51 4161 105 4214 myn
124 4143 257 4219 verstant
285 4159 312 4204 te
334 4145 428 4204 millen
454 4146 652 4221 antwoorden‚
683 4146 902 4221 volkoomentlyk
923 4161 965 4206 me
984 4162 1011 4207 te
1025 4148 1129 4225 stoan,
1149 4163 1234 4206 maor

54 4257 94 4313 mk
112 4275 176 4315 van
195 4274 261 4331 myn
288 4258 359 4316 kant
386 4257 456 4315 alles
478 4269 505 4316 re
531 4258 599 4316 doen
619 4258 672 4317 dat
692 4270 734 4317 tot
754 4258 885 4316 naarder
912 4258 1010 4316 kennis
1020 4302 1030 4333 ,
1050 4277 1083 4316 en
1103 4255 1234 4336 opreclrte

56 4367 223 4454 oriensclrap
249 4369 305 4452 sal
331 4370 438 4431 konnen
462 4369 605 4450 strekken.
649 4369 743 4432 Want
762 4387 833 4432 voor
853 4386 896 4443 my
916 4386 977 4432 van
996 4369 1030 4434 al
1048 4369 1093 4427 die
1114 4369 1234 4444 dingen,
