2926 4896
512 327 717 403 Epistola
748 325 802 386 Vl.
1213 337 1252 399 ας

58 507 138 566 Solis
157 505 193 582 a)
224 503 362 582 colligere
394 501 559 580 possumus,
590 518 620 563 et
651 501 797 578 saepiffime
828 500 949 562 celerior
980 501 1037 574 esi,
1068 519 1154 577 quam
1178 515 1248 560 uta

59 618 150 679 nobis
180 616 380 694 conspiciatur
401 616 452 696 b),
471 633 506 677 ut
527 613 626 678 videre
648 616 690 676 esl
710 614 740 675 in
761 615 896 676 somento
921 614 1034 694 ignito,
1062 617 1132 676 dum
1153 613 1251 691 aliqua

59 729 215 792 celeritate
236 727 413 790 circulariter
433 729 461 805 c)
483 742 637 802 movetur3
658 725 700 786 ibi
722 744 826 802 nempe
846 727 884 804 d)
906 726 1111 805 imaginamur,
1138 740 1249 802 partem

60 842 186 921 ignitam
214 840 245 902 in
273 840 411 902 omnibus
439 838 562 917 sociae)
591 838 782 915 peripheria,
809 857 895 916 quarn
916 855 1001 900 motu
1022 839 1075 899 suo
1097 837 1252 913 describit,

61 953 229 1030 quiescere:
261 969 387 1028 quorum
418 950 518 1013 causas
532 951 575 1029 f)
607 950 655 1011 hic
687 952 854 1026 redderem,
881 949 933 1012 nili
954 951 984 1012 id
1005 949 1250 1027 supervacaneum

56 1065 235 1142 judicarem.
272 1063 429 1141 Denique,
456 1079 490 1125 ut
518 1063 576 1124 hoc
606 1061 703 1124 obiter
720 1063 757 1142 g)
786 1063 897 1139 dicam,
918 1062 1042 1138 sufficit,
1062 1065 1099 1124 ad
1119 1078 1251 1124 naturam

60 1177 145 1238 fluidi
156 1177 187 1238 in
198 1195 305 1258 genere
326 1175 565 1256 intelligendum,
582 1175 670 1251 scire,
688 1179 771 1254 quod
789 1175 937 1254 possrrmua
954 1195 1069 1238 manum
1080 1175 1205 1238 nestram
1216 1175 1250 1254 sa)

59 1305 146 1350 motu
178 1289 273 1352 sluido
305 1289 534 1365 proportionata
565 1288 666 1352 versus
699 1307 801 1352 omnes
820 1304 918 1366 partes
939 1287 997 1350 srne
1019 1290 1076 1350 ulla
1096 1287 1252 1350 resrslentia

59 1419 200 1477 movere,
220 1403 247 1481 r)
276 1417 310 1462 ut
336 1399 408 1462 satis
435 1399 616 1462 manifestum
645 1401 686 1462 esl
707 1399 762 1478 iis,
782 1400 834 1478 qui
855 1403 892 1461 ad
912 1399 1064 1461 Notiones
1085 1400 1165 1476 illas,
1186 1419 1251 1478 quae

58 1515 225 1590 Naturam,
252 1529 286 1575 ut
313 1513 343 1574 in
371 1513 401 1574 se
429 1513 486 1590 est,
513 1533 574 1575 non
595 1530 668 1576 vero
692 1529 725 1574 ut
745 1517 781 1575 ad
803 1514 915 1575 sensum
937 1513 1095 1574 humanum
1114 1514 1252 1588 relatam,

58 1625 232 1702 explicant,
262 1624 331 1686 saria
363 1627 530 1686 attendunt.
571 1627 678 1702 Neque
698 1627 725 1704 ι’)
753 1625 821 1688 ideo
850 1627 925 1687 hanc
946 1625 1091 1687 historiam
1113 1640 1252 1702 tanquam

58 1737 197 1798 inutilem
225 1736 374 1814 despicio;
401 1737 451 1798 sed
470 1751 591 1813 contra,
612 1736 633 1797 st
655 1739 691 1799 de
712 1755 897 1816 unoquoque
917 1737 1032 1816 liquore
1057 1755 1144 1814 quam
1166 1755 1251 1798 accu-

58 1850 212 1925 rarillime,
233 1863 264 1910 et
284 1849 392 1910 summa
413 1868 478 1911 cunr
499 1850 557 1910 side
577 1849 610 1928 k)
638 1849 736 1924 fieret,
776 1848 865 1926 ipsam
885 1851 914 1929 l)
943 1849 1112 1911 utilislimam
1136 1849 1252 1927 judica-

60 1981 120 2022 rem
150 1965 188 2024 ad
217 1975 318 2022 eorum
340 1959 380 2043 m)
400 1959 562 2038 peculiares
583 1960 763 2022 differentias
783 1963 817 2042 n)
845 1961 1082 2042 intelligendum
1103 1981 1169 2038 quae
1190 1979 1252 2036 res,

62 2090 95 2136 ut
118 2073 229 2134 summe
249 2072 419 2149 necessaria,
441 2072 577 2135 omnibus
598 2071 785 2149 Philosophia
806 2073 930 2135 marinae
951 2072 1136 2136 desrderanda
1156 2075 1196 2152 o).

525 2333 571 2376 DE
594 2331 802 2378 FIRMITATE.

103 2526 131 2608 §.
152 2543 182 2603 7.
226 2523 383 2586 Catholicis
411 2526 540 2586 Natum
567 2525 687 2600 legibus.
728 2521 779 2582 Est
810 2520 1018 2582 demonstratio
1039 2520 1175 2596 Cartesri3
1196 2541 1250 2582 nec

65 2639 153 2700 video
175 2639 221 2698 Cl.
240 2637 341 2700 Virunr
363 2636 490 2714 aliquam
510 2637 665 2716 genuinam
687 2633 965 2696 demonstrationem
987 2635 1023 2694 ab
1045 2633 1251 2709 experimentis

66 2755 111 2814 vel
132 2751 393 2814 observationibus
414 2747 593 2826 desumptam
616 2748 645 2808 in
667 2747 793 2809 medium
811 2747 848 2826 p)
871 2746 991 2807 adferre.

102 2865 203 2926 Multa
224 2861 273 2923 lric
295 2878 324 2922 et
345 2863 376 2923 in
398 2861 589 2939 sequentibus
610 2876 799 2934 notaveram;
820 2857 869 2920 sed
891 2858 989 2934 postea
1008 2857 1069 2923 vidi
1091 2857 1136 2918 Cl.
1148 2857 1251 2920 Virum

66 2977 91 3037 se
112 2977 209 3054 ipsum
230 2974 374 3054 corrigere
395 2977 440 3055 q).

102 3090 129 3172 §.
156 3091 203 3150 16.
215 3089 258 3168 r).
300 3089 342 3149 Et
357 3089 448 3165 semes
462 3089 692 3166 quadringentas
713 3100 741 3146 ca
761 3087 891 3161 triginta
911 3087 993 3145 duas.
1035 3084 1065 3145 Si
1087 3105 1153 3146 cum
1174 3103 1250 3161 pon-

64 3207 130 3266 dere
152 3200 267 3280 argenti
289 3199 352 3263 vivi
373 3201 448 3262 tubo
470 3198 569 3262 inclusa
588 3200 766 3274 conseratur,
784 3196 917 3274 proxime
928 3199 964 3258 ad
976 3215 1076 3259 verum
1095 3201 1212 3274 pondus
1222 3199 1251 3278 s)

63 3315 189 3378 accedit.
210 3315 320 3376 Verum
343 3315 369 3392 r)
397 3313 460 3375 haec
481 3313 645 3374 examinare
666 3313 720 3391 v),
748 3327 781 3373 ut
801 3311 837 3390 x)
866 3309 946 3372 samad
972 3311 1132 3385 habeatur,
1153 3312 1252 3387 quoad

62 3428 122 3488 srcri
153 3423 272 3504 potest,
298 3424 373 3486 ratio
402 3424 479 3485 inter
507 3423 707 3501 impulsionem
735 3422 808 3483 adria
830 3423 866 3483 ad
886 3423 993 3496 latera,
1014 3421 1073 3483 sure
1095 3421 1251 3483 secundum

62 3543 169 3602 lineam
202 3537 364 3600 Horizonti
395 3538 576 3614 parallelam,
607 3552 637 3597 et
669 3535 746 3597 inter
776 3534 851 3595 illam
872 3535 925 3612 x),
954 3553 1019 3611 quae
1041 3535 1073 3594 sit
1095 3534 1251 3596 secundum

94 3769 129 3834 a)
148 3783 179 3818 et
195 3769 285 3818 umbra
299 3766 381 3831 solis,
398 3767 447 3819 sae
462 3781 594 3834 guarnario.
728 3765 758 3830 b)
775 3765 883 3815 celerior
904 3763 944 3828 ιβ,
961 3773 990 3813 ur
1007 3765 1095 3817 uidere
1113 3765 1153 3830 ιβ.

95 3853 124 3918 c)
144 3851 246 3918 qnando
265 3851 326 3900 circ.
343 3851 381 3900 al.
397 3851 445 3899 ces.
529 3849 562 3914 d)
581 3859 642 3900 ram.
726 3848 755 3914 e)
769 3849 879 3915 pandis.
941 3848 979 3913 s)
995 3849 1067 3914 eujus
1084 3849 1123 3898 rel
1140 3849 1253 3913 causam.

94 3935 130 4000 g)
149 3933 234 3986 obiter
252 3933 342 3983 ariana.
420 3933 450 3997 la)
470 3935 490 3982 l.
506 3930 591 3985 addita
610 3933 636 3982 in
650 3930 739 3996 fluido.
813 3931 858 3996 l-l)
877 3931 934 3982 Haec
951 3947 1017 3992 una,
1034 3932 1153 3996 inquam,
1169 3930 1252 3996 olfer-

65 4019 134 4068 rarse
151 4025 276 4067 narratam
288 4014 364 4078 fluidi
375 4013 483 4082 prorsus
493 4015 601 4067 rndicar.
612 4015 704 4066 Verum
721 4029 807 4078 neqrre.
858 4014 888 4079 k)
908 4014 1171 4079 liquercsurnmacunr
1181 4028 1253 4063 cura.

97 4102 208 4166 Oeam.
300 4097 339 4163 rra)
358 4099 491 4163 liquorum.
575 4099 607 4163 n)
624 4099 811 4166 proprietates.
894 4098 923 4162 n)
942 4098 1152 4164 intelligendum,
1170 4105 1196 4145 et
1215 4097 1251 4144 eis

67 4182 251 4248 imperandum.
340 4181 374 4246 p)
392 4179 538 4232 hominia
562 4183 588 4230 in
605 4181 722 4230 mediant.
806 4179 835 4244 q)
849 4180 923 4244 suam
937 4179 1095 4245 seutentiam
1113 4177 1252 4241 corruisse.

97 4266 128 4329 r)
147 4279 188 4329 15.
323 4263 351 4328 s)
369 4263 405 4313 ad
423 4265 459 4314 id.
593 4262 620 4327 r)
640 4261 733 4311 Verum
753 4262 959 4328 operaepretium
977 4262 1093 4311 ducerem
1113 4261 1170 4310 lraec.

99 4347 129 4413 u)
148 4348 202 4397 uli
211 4348 283 4396 ruodo
292 4361 373 4397 ceam.
462 4346 526 4409 sex)
544 4353 573 4394 at
584 4345 654 4396 nelo
663 4359 714 4409 quae
725 4344 756 4408 ιβ
765 4345 834 4394 incer
844 4343 982 4410 imp-adria
992 4344 1027 4393 ad
1037 4343 1065 4404 1.,
1074 4352 1100 4392 er
1110 4343 1178 4392 inter
1187 4355 1252 4392 eant.
