2926 4896
659 365 864 442 Epistola
894 367 933 426 V.

599 736 909 798 Errsroun
951 737 991 797 V.

670 921 826 1003 Clarrffimo
847 921 921 982 Viro

729 1104 762 1166 B.
783 1121 815 1166 u.
835 1105 865 1166 S.

416 1292 697 1358 HENRICUS
737 1291 1180 1355 OLDENBURGIUS.

572 1479 723 1560 Responsso
742 1479 785 1540 ad
797 1479 1011 1560 precedentem.

325 1725 423 1787 Amice
439 1727 596 1805 plurimum
616 1725 741 1800 colende,

243 1892 405 1970 Libellum,
435 1911 521 1971 quem
552 1893 753 1971 promiseram,
785 1910 820 1955 en
853 1893 971 1971 accipe,
1002 1891 1132 1970 mihique
1165 1907 1248 1955 tuum
1282 1895 1319 1954 de
1351 1911 1393 1953 co

202 2003 365 2080 judicium,
396 2005 535 2082 imprimis
565 2009 640 2066 circe
671 2022 725 2081 ee,
756 2024 822 2083 quae
853 2006 889 2066 de
919 2003 1026 2081 Nitto,
1057 2005 1152 2083 deque
1173 2003 1334 2067 Fluiditatc
1355 2023 1393 2064 ac

206 2114 395 2179 Firmitudine
415 2116 514 2179 inserit
533 2117 713 2194 specimina,
733 2117 866 2178 rescribe.
888 2116 1005 2178 Gratiae
1027 2115 1082 2177 tibi
1103 2115 1243 2178 maximae
1263 2133 1320 2196 ago
1332 2134 1391 2193 pro

206 2225 328 2289 eruditis
355 2227 415 2289 tuit
442 2227 534 2289 literis
559 2225 712 2304 secundis,
739 2246 811 2306 quer
839 2226 900 2290 heri
929 2227 1039 2304 accepi.
1081 2227 1178 2290 Doleo
1209 2241 1306 2288 tamen
1329 2245 1392 2288 ma·

207 2355 353 2417 gnopere,
384 2341 466 2417 quod
488 2340 544 2401 iter
564 2356 647 2402 tuum
678 2339 948 2402 Amstelaedamense
979 2339 1127 2414 obfuerit,
1153 2356 1215 2416 quo
1235 2337 1332 2400 minuc
1354 2341 1393 2400 ad

207 2449 304 2511 omnia
325 2467 387 2512 mea
408 2450 497 2514 dubia
517 2451 710 2530 responderis.
731 2453 822 2536 Quod
842 2467 906 2514 tum
929 2449 1161 2528 pretermiffum.
1178 2451 1392 2528 quamprimum

205 2581 258 2640 per
290 2563 383 2626 orium
414 2563 546 2642 licuerit,
578 2565 719 2643 expedies
751 2583 814 2628 oro.
847 2565 976 2628 Multum
1007 2565 1124 2643 quidem
1155 2563 1225 2626 mihi
1256 2564 1333 2626 lucie
1360 2565 1392 2626 in

205 2673 357 2749 posteriori
377 2675 431 2736 hac
452 2674 574 2752 epistole
602 2671 743 2748 effudisti,
774 2691 835 2735 non
856 2669 952 2736 temen
974 2688 1105 2749 tanturn,
1127 2687 1161 2734 ut
1182 2691 1298 2735 omnem
1319 2673 1392 2736 cali·

205 2782 300 2862 ginem
328 2783 495 2863 dispulerit3
525 2789 607 2864 quod
639 2800 718 2863 tum,
748 2788 853 2862 credo,
882 2787 933 2847 fiet
954 2785 1094 2864 feliciter,
1115 2787 1235 2864 quando
1256 2785 1392 2850 distinete

206 2911 237 2957 et
265 2897 339 2960 cirre
366 2899 403 2960 de
430 2915 499 2960 vera
527 2915 558 2961 et
587 2899 678 2976 prima
707 2916 800 2961 rerum
829 2899 941 2980 origine
963 2917 1008 2961 rne
1029 2899 1206 2963 instruxeris.
1237 2900 1391 2982 Quamdiu

205 3008 282 3071 enim
301 3009 483 3088 perspicuum
511 3009 580 3073 mihi
608 3029 668 3075 non
698 3012 756 3090 eii,
777 3031 793 3073 a
815 3030 873 3089 qut
894 3012 993 3089 causa,
1014 3027 1044 3074 et
1072 3015 1242 3090 quomodo,
1261 3030 1307 3073 ree
1330 3031 1391 3074 cce-

204 3121 301 3199 perint
322 3122 395 3198 effe,
415 3137 446 3184 et
467 3139 528 3200 quo
548 3141 629 3185 nexu
650 3143 666 3186 e
687 3123 778 3201 prima
799 3123 901 3202 causa,
921 3123 941 3184 i
963 3144 1020 3203 qun
1042 3125 1108 3186 relic
1124 3123 1391 3202 iit,dependeant;

205 3235 319 3312 omnic,
340 3254 405 3313 quae
427 3234 516 3297 audio
537 3254 662 3314 quaeque
683 3238 769 3316 lego,
785 3236 881 3314 scopae
903 3234 972 3298 mihi
994 3235 1137 3299 diiioiutae
1159 3236 1306 3298 videntur.
1340 3237 1391 3297 Tu

204 3345 309 3426 igitur,
330 3345 494 3410 Doiiiiirme
514 3347 658 3424 Domine,
678 3365 712 3411 ut
734 3350 825 3410 facem
846 3349 902 3410 hac
922 3349 951 3410 in
973 3366 1003 3410 re
1025 3349 1094 3410 mihi
1117 3367 1227 3426 praeeae
1244 3350 1271 3427 ⁸,
1291 3351 1390 3428 deque

205 3475 267 3519 mea
287 3459 343 3520 iide
365 3474 395 3520 et
415 3458 593 3538 gratitudine
615 3477 675 3521 non
697 3460 832 3538 dubites,
854 3461 940 3523 enixe
961 3479 1052 3541 rogo,
1073 3461 1124 3539 qui
1145 3461 1207 3524 sum

881 3655 950 3717 Tibi
967 3655 1167 3737 addidirffimus

960 3783 1073 3847 Heren-
1094 3783 1323 3846 ocneurunc.

253 3881 364 3936 Londini
378 3873 422 4002 {L
432 3881 525 3937 Odcob.
545 3885 618 3938 1661.

403 3965 413 4002 1

202 4281 470 4296 n*—

238 4363 251 4392 ·
286 4361 409 4418 Forttffet
426 4363 562 4428 present.
