2926 4896
231 355 272 416 60
655 351 859 427 Epistola
889 351 985 418 XVII.

232 527 331 590 causar
352 527 420 604 elie,
441 543 471 588 et
492 547 558 603 eos,
579 527 630 604 qui
652 543 784 588 tenacem
804 527 914 588 habent
936 526 1119 607 sanguinem,
1141 526 1211 588 nihil
1230 526 1310 588 aliud
1332 544 1427 602 quam

230 640 325 716 rixas,
355 639 516 715 molestias,
546 641 657 716 caedes,
688 638 790 716 hisque
821 637 919 699 similia
952 638 1110 718 imaginari.
1151 638 1295 700 Videmus
1331 637 1428 698 etiam

231 749 466 830 imaginationem
502 754 706 813 tantummodo
745 753 780 812 ab
821 750 921 811 animae
962 751 1174 814 constitutione
1214 749 1427 824 determinari;

230 861 483 938 quandoquidem,
504 876 536 922 ut
558 861 732 938 experimur,
754 861 918 924 intellestris
940 862 1060 942 vestigia
1071 863 1100 923 in
1113 862 1249 924 omnibus
1270 861 1426 938 sequitur,

232 989 262 1034 et
293 972 358 1034 suas
389 973 526 1052 imagines
558 993 591 1034 ac
622 975 711 1036 verba
742 991 778 1033 ex
812 973 931 1050 ordine,
960 973 1043 1036 srcuti
1065 974 1129 1035 suas
1151 973 1425 1035 demonstrationes

231 1085 412 1162 intellectus,
443 1101 619 1148 concatenat
651 1101 680 1146 et
712 1085 837 1148 invicem
870 1086 1035 1166 conneslin
1066 1087 1141 1147 adeo
1174 1101 1207 1146 ut
1241 1086 1303 1146 sere
1348 1083 1424 1145 nihil

232 1197 366 1273 possnnus
387 1197 564 1276 intelligere,
585 1201 621 1259 de
643 1216 703 1274 quo
726 1197 896 1277 imaginatio
919 1215 978 1256 non
1002 1195 1287 1276 aliquamevel'tigio
1309 1197 1425 1256 formet

231 1309 393 1389 imaginem.
434 1311 501 1372 Hoc
533 1330 598 1372 cum
629 1312 671 1372 ita
702 1311 752 1387 stt,
785 1311 870 1387 dico,
902 1329 1003 1372 omnes
1032 1310 1248 1390 imaginationis
1277 1309 1425 1384 effeetus,

232 1423 284 1500 qui
305 1443 321 1484 a
343 1425 492 1500 corporeis
520 1422 610 1485 causus
638 1426 820 1501 procedunt,
848 1441 995 1500 nunquam
1025 1440 1117 1484 rerum
1145 1423 1306 1483 futurarum
1336 1421 1425 1497 posse

232 1535 413 1610 essecestriam
434 1537 503 1614 quia
524 1539 683 1599 eorundem
705 1537 796 1598 causae
819 1539 914 1598 nullas
934 1553 979 1596 res
1002 1538 1115 1597 futuras
1147 1535 1317 1598 involvunt.
1363 1537 1425 1595 Sed

232 1668 304 1711 vero
337 1649 552 1728 imaginationis
584 1649 719 1726 effectes,
751 1652 799 1712 vel
828 1649 986 1728 imagines,
1018 1667 1083 1725 quae
1116 1648 1257 1727 originem
1277 1647 1360 1708 suam
1386 1651 1449 1708 ab.

232 1760 344 1822 Mentis
365 1760 576 1822 constitutione
598 1764 726 1838 ducunt,
755 1760 873 1836 possunt
896 1759 1018 1836 alicujus
1039 1760 1081 1820 rei
1102 1761 1208 1820 fututae
1231 1758 1286 1819 esle
1308 1763 1423 1830 omina·

232 1873 300 1950 quia
331 1875 418 1934 Mens
449 1873 577 1952 aliquid,
607 1877 689 1952 quod
720 1875 850 1935 futurum
883 1873 940 1948 est,
972 1872 1094 1933 confuse
1122 1872 1218 1948 poteli
1238 1871 1423 1948 praesentire.

232 1987 329 2066 Quare
351 1985 381 2046 id
402 1986 476 2046 adeo
497 1985 616 2046 sinniter
636 2002 666 2047 et
688 1985 789 2048 vivide
810 1985 908 2062 potest
930 1983 981 2044 srbi
1003 1985 1166 2062 imaginari,
1184 2003 1216 2044 ac
1233 1983 1253 2044 n
1271 1982 1422 2060 ejusmodi

232 2117 277 2159 res
305 2096 375 2158 esset
403 2097 545 2174 praesens3
572 2115 693 2173 nempe,
721 2114 804 2173 pater
830 2097 877 2174 (ut
898 2097 942 2158 tui
964 2095 1051 2156 srmile
1074 2098 1213 2156 adducam
1235 2096 1421 2173 exemplum)

232 2211 306 2270 adeo
337 2209 426 2271 filium
457 2209 538 2270 suum
569 2225 662 2279 amat,
683 2224 716 2270 ut
738 2209 763 2269 is
785 2224 814 2270 et
836 2207 958 2270 ddettus
979 2207 1056 2269 silius
1078 2205 1157 2284 quafi
1181 2225 1256 2268 unus
1276 2205 1420 2284 idemque

233 2321 297 2382 smt.
338 2321 377 2381 Et
405 2322 542 2400 quoniam
571 2322 673 2400 (juxta
702 2322 748 2398 id,
777 2324 857 2398 quod
880 2321 935 2382 alia
956 2318 1110 2380 occasrone
1133 2317 1342 2398 demonstravi)
1367 2318 1420 2378 filii

233 2432 359 2494 essentiae
374 2431 618 2511 'affeftionum,et
637 2454 702 2512 quae
720 2435 788 2496 inde
807 2433 978 2511 sequuntur,
997 2429 1154 2492 necessario
1174 2429 1203 2491 in
1221 2429 1420 2510 cogitatione

231 2546 291 2607 dari
314 2548 400 2607 debet
421 2546 503 2623 idea,
532 2563 561 2607 et
583 2563 683 2624 pater,
712 2550 751 2606 ob
774 2545 930 2620 unionem,
956 2561 1041 2621 quam
1065 2562 1130 2604 cum
1151 2543 1212 2602 lilio
1233 2541 1286 2603 suo
1309 2543 1421 2617 habet,

231 2675 297 2734 pars
327 2658 477 2719 memorati
509 2658 559 2718 lilii
592 2658 648 2734 est,
681 2658 767 2718 etiam
800 2655 955 2718 necessario
988 2654 1079 2732 patris
1107 2655 1199 2715 anima
1228 2657 1264 2714 de
1294 2653 1420 2714 essentia

231 2767 316 2829 ideali
347 2767 413 2844 filii,
445 2783 475 2829 et
507 2768 633 2845 ejusdem
665 2769 887 2845 affesiionibus‚
916 2785 946 2828 et
978 2767 1029 2842 iis,
1059 2785 1124 2844 quae
1145 2763 1213 2827 inde
1235 2765 1419 2842 sequuntur,

231 2878 404 2955 participare
434 2883 539 2956 debet,
571 2897 605 2942 ut
637 2879 704 2940 alibi
733 2880 877 2956 prolixius
897 2878 1102 2941 demonstravi.
1144 2877 1252 2954 Porro,
1274 2877 1419 2954 quoniam

231 2989 322 3066 patris
350 2991 443 3052 anima
475 2991 607 3054 idealiter
627 2995 663 3052 de
684 2991 737 3068 iis,
759 3011 824 3068 quae
847 2989 995 3051 essentiam
1017 2989 1069 3050 lilii
1090 2988 1328 3065 consequuntur,
1351 3007 1418 3062 par·

230 3101 350 3178 ticipat,
371 3103 419 3163 ille
442 3103 490 3182 (ut
511 3103 588 3183 dini)
610 3105 707 3180 potest
728 3105 873 3166 interdum
896 3103 1005 3182 aliquid
1028 3121 1065 3163 ex
1087 3102 1137 3178 iis,
1156 3121 1221 3180 quae
1240 3099 1305 3178 ejus
1322 3097 1418 3161 ellen-

229 3213 299 3274 tiam
320 3213 549 3292 consequuntur,
571 3231 629 3276 tam
651 3215 752 3280 vivide
775 3215 940 3294 imaginari,
961 3234 993 3275 ac
1016 3213 1035 3274 fi
1058 3213 1088 3275 ld
1109 3231 1205 3274 coram
1227 3212 1255 3272 se
1276 3213 1419 3286 haberet,

229 3323 250 3384 sr
279 3324 411 3387 nimirum
440 3326 594 3404 sequentes
624 3329 801 3389 concununt
831 3327 1035 3388 conditiones:
1066 3327 1088 3386 1.
1110 3324 1131 3384 sr
1152 3321 1251 3398 casus,
1279 3321 1330 3400 qui
1353 3323 1418 3382 lilio

229 3435 259 3495 in
281 3435 351 3498 vitae
373 3439 493 3500 decursu
516 3437 646 3513 accidet,
667 3439 807 3499 notabilis
829 3437 900 3513 erit;
932 3439 968 3499 ll.
997 3437 1017 3496 sr
1039 3436 1105 3497 talis
1128 3435 1200 3511 erit,
1222 3453 1309 3511 quern
1331 3433 1416 3494 facil-

229 3547 294 3607 lime
326 3548 473 3628 imaginari
503 3547 668 3626 poll'umus3
700 3552 751 3610 111.
779 3550 799 3610 li
828 3565 965 3626 tempus,
986 3565 1047 3624 quo
1068 3546 1115 3607 hic
1138 3545 1292 3624 continget
1313 3544 1417 3619 casus,

230 3677 289 3718 non
312 3662 466 3721 admodum
487 3676 630 3722 remotum
652 3659 711 3736 est;
732 3662 784 3720 IV.
806 3661 933 3738 denique
953 3658 973 3719 sr
996 3677 1104 3736 corpus
1124 3661 1199 3719 bene
1221 3655 1416 3718 constitutum

231 3769 285 3846 est;
319 3789 377 3832 non
409 3789 522 3833 tantum
554 3776 635 3850 quod
667 3773 819 3834 sanitatem
851 3773 975 3848 spectat,
1002 3771 1050 3834 sed
1073 3771 1159 3833 etiam
1181 3771 1200 3832 li
1222 3772 1362 3848 liberum,
1384 3789 1415 3832 et

230 3883 365 3944 omnibus
393 3884 469 3946 curis
498 3901 527 3946 et
556 3887 684 3964 negotiis
705 3905 828 3948 vacuum
851 3887 908 3962 est,
930 3905 995 3963 quae
1018 3902 1138 3947 externe
1159 3885 1258 3948 sensus
1280 3887 1414 3946 turbant.

230 3994 307 4054 Huic
335 3995 376 4055 rei
403 3996 539 4060 inservire
568 4017 689 4075 quoque
710 4000 823 4077 potest,
845 4003 925 4078 quod
948 4019 980 4060 ea
1003 3998 1182 4078 cogitemus,
1205 4018 1270 4076 quae
1291 4013 1325 4060 ut
1348 3999 1414 4073 plu·

228 4103 330 4166 timum
361 4105 407 4166 his
438 4106 540 4168 struiles
571 4109 703 4170 excitant
735 4111 823 4172 ideas.
865 4111 1001 4188 Exempli
1022 4111 1131 4190 gratia,
1152 4111 1188 4190 fi,
1210 4112 1322 4174 interca
1344 4116 1413 4175 dum

229 4235 294 4278 curn
315 4217 373 4278 hoc
394 4217 483 4282 illove
504 4219 668 4297 loquimur,
688 4223 813 4300 gemitus
834 4224 984 4298 audimus,
1005 4225 1176 4301 plerumque
1197 4225 1265 4300 fiet,
1288 4241 1339 4300 ut,
1360 4227 1412 4287 ubi

229 4331 266 4390 de
287 4331 390 4392 codem
411 4331 529 4393 homine
552 4333 654 4394 iterum
677 4333 857 4414 cogitamus,
878 4335 898 4398 ii
920 4336 1062 4414 gemitus,
1080 4356 1156 4414 quos
1178 4337 1296 4401 auribus
1318 4339 1411 4416 perci-
