2926 4896
174 317 194 376 8
620 312 826 390 Epistola
855 311 909 373 111.

173 489 428 570 augmentatione;
448 489 572 550 necdum
593 486 700 563 uideo,
727 486 879 564 quomodo
900 502 939 546 er
960 502 997 546 eo
1019 497 1187 560 conceptu,
1208 501 1296 563 quem
1318 485 1356 546 de
1450 451 1451 506 3

173 602 240 663 Deo
268 599 381 678 habeo,
409 599 515 664 inferre
537 599 635 676 poffiru
654 597 713 662 Dei
735 595 1063 660 existentiam.1³oiium
1085 594 1197 674 quippe
1217 613 1255 658 ex
1276 613 1357 658 men-

174 713 227 774 tali
250 713 387 793 congerie
415 711 545 776 omnium
567 709 797 788 perfeuionun,
818 727 891 787 quar
912 709 943 771 in
962 705 1148 782 hominibus,
1169 706 1363 782 animalibus,
1450 767 1451 770 ,

175 824 407 906 vegetabilibus,
438 822 641 899 mineralibus,
672 838 729 886 etc.
761 821 969 899 deprehendo,
999 817 1156 896 condpere
1184 832 1215 878 et
1236 819 1361 880 formare

174 937 360 1000 substantiam
382 937 507 1016 aliquam
529 954 633 1013 unam,
653 953 719 1013 quae
740 947 843 998 omnes
863 934 926 996 ilias
946 931 1075 997 virtutes
1092 930 1184 992 solide
1201 931 1363 1008 poiirdeat;
1450 923 1451 926 ’

175 1046 247 1124 quin
269 1046 328 1109 imo
349 1047 521 1110 Meusmea
542 1045 622 1109 valet
643 1042 756 1107 easdem
777 1043 807 1104 in
828 1041 974 1105 infinitum
995 1039 1188 1118 multiplicare
1202 1057 1363 1121 etaugere.

176 1162 311 1237 adeoque
337 1159 400 1222 Ena
427 1159 576 1238 quoddam
604 1155 834 1236 perfeuifflmum
854 1171 885 1217 et
906 1152 1172 1216 excellentissimum
1200 1155 1280 1230 apud
1301 1153 1363 1216 sese

178 1271 322 1352 effigiare;
344 1289 409 1334 cum
429 1285 525 1334 tamen
547 1271 714 1333 nullatenus
735 1268 803 1332 inde
825 1267 963 1332 concludi
984 1267 1070 1346 poiiit
1088 1265 1257 1346 hujusmodi
1274 1266 1365 1330 Ensis

179 1385 342 1448 existentia.
824 1449 826 1456 ,

218 1499 352 1560 Secunda
379 1495 510 1581 Quaestio
539 1495 598 1572 est,
619 1513 655 1557 aa
676 1493 733 1556 tibi
752 1492 787 1556 iit
808 1493 1022 1572 indubitatum,
1042 1493 1161 1572 Corpus
1182 1512 1243 1556 non
1264 1493 1366 1556 termi-

178 1610 240 1674 nari
260 1607 471 1690 cogitatione,
491 1625 546 1670 nee
567 1606 789 1688 Cogitationem
808 1606 969 1684 Corpore?
990 1623 1057 1670 cum
1077 1605 1175 1670 adhuc
1194 1605 1367 1683 subjudice

178 1722 215 1783 lis
241 1720 294 1799 iit,
321 1721 395 1799 quid
415 1719 450 1781 fit
471 1719 643 1801 Cogitatio,
671 1717 744 1782 fitne
765 1734 865 1782 motus
887 1735 1048 1796 corporeus
1054 1763 1064 1796 ,
1086 1739 1124 1782 an
1144 1721 1225 1784 adius
1245 1716 1368 1797 quidam

179 1833 353 1910 spiritualis,
374 1849 520 1909 corporeo
542 1834 628 1909 plane
649 1830 929 1896 contradistintius?

219 1943 323 2006 Tertia
351 1943 408 2020 est,
436 1963 471 2005 an
493 1943 640 2006 axiomata
660 1943 726 2021 illa,
746 1962 812 2022 quae
833 1942 904 2006 mihi
925 1941 1160 2020 communicasti,
1181 1943 1290 2004 habeas
1311 1960 1368 2018 pro

181 2054 337 2132 Principiis
373 2053 697 2132 indemonstrabilibus,
732 2071 762 2118 et
796 2057 918 2118 Naturae
950 2056 1017 2118 luce
1047 2053 1176 2136 cognitis
1188 2099 1197 2131 ,
1225 2054 1368 2131 nullaque

182 2145 360 2246 probatione
391 2167 571 2248 egentibus?
602 2167 729 2230 Fortasse
759 2169 883 2246 primum
914 2167 1043 2230 Anioma
1069 2169 1128 2230 tale
1155 2167 1211 2244 eii;
1233 2165 1284 2230 sed
1304 2185 1368 2229 non

181 2279 292 2357 video,
326 2281 479 2358 quomodo
510 2279 566 2342 tria
597 2279 708 2357 reliqua
737 2278 768 2340 in
799 2277 900 2342 taliuro
931 2296 1080 2342 numerum
1113 2277 1213 2340 referri
1243 2292 1369 2357 queant.

181 2392 348 2455 Secundum
380 2391 492 2469 quippe
523 2390 682 2468 supponit,
712 2388 785 2452 nihil
815 2389 937 2452 existere
958 2390 989 2453 in
1010 2407 1105 2453 rerum
1124 2392 1241 2452 Natura
1262 2405 1371 2465 praeter

181 2501 362 2565 Substantias
372 2517 404 2564 et
414 2502 608 2580 decidentia,
628 2519 694 2565 cum
716 2517 813 2564 tamen
834 2501 918 2565 multi
938 2503 1066 2564 statuam
1072 2546 1083 2579 ,
1100 2517 1217 2578 tempus
1227 2517 1259 2564 et
1268 2503 1369 2564 locum

181 2613 323 2677 rationem
360 2614 468 2676 habere
503 2615 647 2678 neutrius.
687 2613 823 2676 Tertium
855 2629 939 2677 tuum
971 2615 1120 2692 maioma,
1152 2617 1211 2676 Res
1242 2633 1370 2691 nempe,

182 2745 245 2806 que
264 2728 386 2804 diversa
404 2725 510 2789 hubent
527 2727 692 2804 attributa,
706 2725 785 2788 nihil
801 2725 908 2788 habere
927 2731 1006 2788 inter
1019 2729 1057 2806 se
1077 2745 1232 2805 commune,
1252 2741 1370 2790 tantum

181 2838 278 2914 abest,
305 2853 339 2900 ut
367 2839 442 2900 clare
470 2856 553 2900 ame
580 2837 783 2915 concipiatur,
811 2853 846 2901 ut
872 2837 975 2914 potius
1004 2838 1182 2900 contrarium
1210 2837 1275 2916 ejus
1301 2853 1370 2900 tota

181 2953 292 3012 Rerum
311 2948 484 3013 universitas
505 2948 641 3012 uideatur
660 2948 813 3012 evincere:
833 2951 894 3011 Res
912 2949 989 3010 enim
1008 2965 1110 3011 omnes
1128 2949 1216 3010 nobis
1239 2950 1371 3029 cognitae

182 3077 245 3124 tum
272 3061 302 3123 in
330 3060 479 3124 nonnullis
507 3059 584 3122 inter
610 3060 640 3122 se
664 3060 823 3138 differunt,
842 3076 905 3123 tum
925 3060 957 3122 in
978 3059 1151 3138 quibusdam
1173 3061 1371 3125 conveniunt.

183 3176 327 3259 Quartum
355 3173 501 3252 denique,
528 3176 587 3236 Res
607 3175 738 3252 scilicet,
759 3191 822 3251 que
842 3171 922 3234 nihil
939 3191 1079 3234 commune
1098 3171 1205 3234 habent
1224 3177 1304 3235 inter
1317 3177 1372 3253 st,

182 3305 269 3348 unam
288 3287 411 3348 alterius
431 3287 548 3364 causam
568 3286 620 3366 effe
639 3305 693 3346 non
709 3285 801 3366 paffe,
822 3284 942 3347 nonita
960 3285 1144 3363 perspicuum
1155 3286 1196 3348 est
1207 3286 1373 3351 inteueuui

183 3417 249 3461 meo
270 3397 448 3479 caliginoso,
470 3398 542 3476 quin
563 3399 629 3460 luce
651 3397 749 3476 aliqua
770 3397 908 3473 perfundi
929 3413 1025 3477 egeat.
1060 3400 1144 3460 Deus
1164 3397 1276 3478 quippe
1296 3399 1373 3463 nihii

184 3509 344 3572 formaliter
373 3528 526 3573 commune
553 3509 643 3573 habet
670 3527 736 3573 cum
758 3511 845 3572 rebus
865 3509 990 3589 creatis,
1010 3527 1107 3573 earum
1128 3526 1225 3574 tamen
1246 3513 1333 3576 causa
1355 3533 1373 3575 a

185 3619 272 3682 nobis
292 3621 353 3682 fere
367 3621 511 3684 'omnibus
531 3621 665 3684 habetur.

223 3732 297 3792 Hac
324 3729 413 3810 igitur
440 3732 601 3796 Axiomata
627 3751 693 3796 cum
720 3737 800 3811 apud
820 3752 866 3796 me
887 3751 948 3796 non
971 3734 1129 3798 videantur
1149 3749 1232 3796 extra
1253 3753 1372 3798 omnem

185 3840 381 3905 dubitationis
412 3845 503 3906 aleam
535 3843 649 3921 ponta,
684 3845 770 3908 facile
801 3845 946 3923 conjicis,
983 3846 1204 3924 Proposrtiones
1235 3861 1302 3908 tuas
1334 3847 1373 3908 iis

184 3954 389 4034 superstrudias
416 3975 477 4018 non
501 3955 584 4034 poise
605 3975 665 4019 non
687 3957 833 4021 vacillare.
874 3957 914 4020 Et
935 3976 997 4036 quo
1020 3959 1110 4040 magia
1130 3977 1179 4021 eas
1199 3959 1373 4037 confidero,

185 4086 223 4131 eo
249 4066 382 4144 pluribus
410 4066 497 4146 super
523 4087 573 4131 eas
601 4069 840 4132 dubitationibus
867 4073 988 4134 obruor.
1029 4073 1079 4133 Ad
1106 4070 1224 4147 primam
1256 4071 1373 4150 quippe

185 4182 340 4258 expendo,
367 4182 445 4243 duos
472 4181 606 4244 homines
629 4180 683 4243 eise
704 4182 778 4244 duas
797 4182 996 4261 Substantias,
1017 4198 1048 4245 et
1068 4182 1196 4266 ejusdem
1216 4183 1371 4262 attributi,

186 4311 251 4360 curu
279 4309 310 4355 et
336 4311 413 4360 unua
441 4309 472 4360 et
499 4295 572 4360 aiter
598 4293 729 4360 Ratione
757 4296 892 4376 valeaut;
919 4296 988 4359 inde
1017 4297 1181 4375 concludo,
1209 4295 1271 4360 dari
1297 4298 1372 4365 duas
