2926 4896
194 417 214 490 4
650 391 854 483 Epistola
885 390 908 468 i.

193 600 224 648 et
251 584 433 647 Baconianae.
474 584 604 659 Verum,
632 599 698 644 cum
726 579 805 660 quali
828 599 879 658 per
898 580 1081 644 transennam
1102 597 1133 644 et
1161 582 1191 645 in
1213 577 1382 646 transcursu

195 699 339 760 duntaxat
361 699 396 759 de
417 696 493 758 tanti
513 694 652 758 momenti
673 693 849 774 argumentis
871 707 942 755 tunc
963 695 1167 772 loquerentur,
1189 711 1278 774 atque
1299 697 1382 758 inte·
1457 726 1458 762 l

192 809 244 870 rim
266 809 317 870 ista
338 808 434 870 omnia
455 807 546 870 menti
567 824 637 868 meaa
658 823 773 867 crucem
795 805 902 886 ligant,
919 824 957 867 ex
976 806 1110 869 amicitiae
1128 806 1206 869 inter
1223 827 1279 870 nos
1295 807 1381 870 initae
1457 821 1458 830 ²

189 920 255 998 jure
287 937 383 984 tecum
414 937 496 1000 agere
526 936 603 980 nunc
635 917 799 998 aggrediar,
829 935 862 978 ac
893 933 1074 994 peramanter
1104 937 1223 998 rogare,
1245 935 1278 981 ut
1299 919 1381 980 circa

191 1030 320 1109 subjeda
338 1045 553 1109 praememorata
575 1044 645 1092 tuos
666 1045 830 1106 conceptus
851 1029 985 1092 nonnihil
1007 1027 1097 1092 sullus
1118 1029 1189 1091 milri
1210 1049 1382 1108 exponere,

192 1142 332 1221 imprimis
360 1161 431 1207 vero
459 1142 490 1203 in
515 1140 594 1202 hisce
622 1141 740 1204 duobus
760 1160 805 1203 me
826 1143 950 1203 edocere
971 1159 1031 1203 non
1052 1141 1197 1220 graveris,
1218 1142 1381 1219 videlicet,

192 1254 306 1332 primo,
326 1272 385 1332 qua
405 1253 435 1314 in
456 1271 486 1315 re
507 1251 695 1315 Extenfionis
706 1268 736 1314 et
747 1252 948 1333 Cogitationis
970 1271 1070 1316 verum
1091 1252 1244 1316 discrimen
1265 1272 1382 1332 ponas;

192 1367 336 1443 secundo,
364 1382 441 1444 quos
461 1365 491 1427 in
512 1362 635 1427 Cartesii
655 1378 685 1426 et
705 1364 830 1427 Baconis
857 1363 1046 1441 Philosophia
1066 1365 1199 1428 defessus
1220 1363 1381 1440 observes,

191 1495 308 1555 quaque
328 1475 441 1538 ratione
462 1475 650 1537 eosemedio
672 1475 755 1552 tolli,
778 1494 811 1537 ac
833 1475 971 1538 solidiora
993 1473 1128 1538 substitui
1149 1475 1231 1552 posse
1250 1475 1380 1555 judices.

191 1589 260 1673 Quo
287 1587 433 1650 liberalius
459 1591 496 1650 de
523 1586 601 1648 hisce
623 1602 654 1648 et
675 1586 871 1658 similibus-ad
892 1606 937 1649 me
957 1587 1121 1666 scripseris,
1142 1605 1180 1650 eo
1203 1588 1309 1651 arelius
1331 1608 1381 1650 me

190 1700 246 1763 tibi
273 1699 440 1776 devincies,
467 1713 498 1760 et
521 1701 557 1760 ad
578 1697 675 1777 paria,
695 1697 715 1758 li
737 1701 826 1762 modo
854 1701 972 1776 possim,
1000 1699 1160 1778 prestanda
1189 1700 1383 1764 vehementer

191 1811 359 1890 obstringes.
399 1811 459 1872 Sub
488 1811 578 1886 praelo
605 1809 653 1871 hic
675 1810 735 1888 jam
755 1810 861 1873 sudant
881 1811 1120 1874 Exercitationes
1143 1815 1275 1890 quaedanr
1296 1813 1381 1892 Phy-

190 1921 335 2001 srologicae
366 1939 382 1982 a
412 1921 516 1982 Nobili
556 1923 683 1999 quodam
723 1923 822 2002 Anglo
850 1923 882 2000 *,
913 1923 1035 2003 egregia
1073 1922 1250 1986 eruditionis
1289 1925 1357 1988 viro
1368 1971 1381 2002 ,

192 2033 368 2111 perscriptae.
408 2033 549 2096 Tradiant
575 2033 630 2095 illae
659 2036 695 2095 de
724 2034 798 2096 aeris
826 2034 926 2096 indole
961 2051 991 2096 et
1018 2034 1200 2112 proprietate
1234 2035 1382 2114 Elaslica,

191 2143 381 2223 quadraginta
409 2144 503 2206 tribus
531 2143 737 2220 experimentis
765 2149 972 2224 comprobata:
1001 2148 1038 2209 de
1066 2147 1225 2210 Fluiditate
1253 2148 1324 2210 item
1347 2165 1381 2210 et

191 2254 398 2332 Firmitudine,
418 2271 448 2317 et
468 2255 616 2318 ssmilibus.
657 2257 876 2340 Quamprimum
907 2257 1021 2322 excusae
1043 2261 1152 2323 fuerint
1159 2305 1170 2338 ,
1191 2263 1302 2324 curabo
1309 2307 1320 2340 ,
1343 2279 1381 2324 ut

192 2385 244 2444 per
263 2365 415 2444 Amicum,
435 2385 510 2430 mare
532 2370 654 2431 fortasiis
674 2370 885 2450 trajicientenr,
906 2371 962 2433 tibi
983 2371 1186 2434 exhibeantur.
1227 2373 1277 2436 Tu
1299 2373 1380 2436 inte-

192 2480 244 2541 rim
264 2482 383 2559 longum
404 2482 486 2560 vale,
506 2498 538 2543 et
559 2481 643 2544 amici
664 2481 707 2544 tui
727 2498 835 2547 memor
856 2483 943 2562 vive,
965 2483 1016 2561 qui
1038 2483 1079 2546 est

791 2671 868 2732 Tuus
888 2676 963 2733 omni
981 2669 1087 2750 οἶσθα
1107 2687 1134 2735 et
1149 2675 1245 2754 studio

886 2799 1067 2862 Hennaeus
1089 2801 1316 2864 Onnsnuuno.

225 2896 335 2949 Londlnl
349 2873 387 3017 ἐξ,
401 2899 503 2966 hugon.
525 2901 596 2954 1661.

626 3395 865 3464 Errsnoux
899 3399 936 3462 11.

537 3509 611 3570 Viro
630 3510 805 3593 Nobslrffirno
824 3531 859 3574 ac
877 3513 1034 3595 Dodr'fflmo

449 3633 690 3698 HENRICO
728 3637 1125 3703 OLDENBURGIO

713 3747 746 3808 B.
768 3765 800 3809 n.
820 3749 849 3810 S.

567 3857 718 3937 Responfio
736 3861 780 3920 ad
791 3861 1003 3939 paneadensem.

313 3989 374 4051 Vir
394 3989 565 4073 Chrrfflme,

232 4117 327 4200 Quam
358 4133 438 4200 grata
468 4117 504 4181 sit
535 4119 604 4181 mihi
635 4135 686 4183 tua
718 4122 861 4200 amicitia,
888 4124 950 4201 ipse
976 4125 1108 4202 judicare
1136 4125 1265 4206 poteris,
1285 4131 1378 4192 modo

192 4229 273 4291 simul
293 4249 309 4292 a
329 4246 381 4293 tua
402 4231 581 4294 humanitate
614 4231 768 4309 impetrare
788 4235 890 4314 pollis,
913 4252 946 4298 ut
968 4237 1023 4298 tibi
1045 4241 1081 4300 ad
1105 4237 1247 4316 virtutes,
1267 4241 1378 4318 quibus

225 4399 238 4430 ⁸
273 4401 388 4452 lieberto
405 4401 500 4465 boylen
517 4399 552 4454 cs.
569 4401 617 4466 xp.
634 4403 682 4454 Vi.
