2926 4896
213 369 248 438 td
655 365 860 448 Epistola
890 365 943 430 Vl.

209 551 285 630 ipsas
314 555 350 613 ab
377 551 503 614 invicem
531 547 696 611 dillociatas
729 546 836 608 sursum
859 548 941 623 pellit
963 547 1007 625 a).
1034 546 1176 622 Secundo,
1197 547 1295 622 quod,
1316 544 1402 622 post-

209 683 295 742 quam
317 679 414 740 partes
434 665 499 724 lxxae
521 682 536 723 a
559 660 729 722 volatilibus
750 661 827 720 inter
848 661 1048 721 detonandum
1070 657 1275 733 dissociantur„
1286 658 1399 720 iterum

209 776 371 838 consociari
392 793 452 836 non
475 773 593 851 poliunt
614 774 663 851 b):
684 791 722 834 ex
744 789 804 849 quo
826 771 1013 834 concluditur
1035 775 1141 846 tertio,
1157 773 1238 847 quod
1250 787 1349 846 partes
1360 769 1403 850 c),

210 905 275 965 que
306 887 389 947 calici
420 884 619 958 adhaeserunt,
651 899 680 944 et
712 883 742 944 in
773 882 896 944 stiriolas
928 885 1118 959 coiluenxnt,
1149 901 1209 944 non
1242 884 1329 957 fixa,
1349 882 1401 942 sed

209 1015 324 1062 tantum
345 999 482 1063 volatiles
503 999 631 1060 fuerunt.
652 998 691 1075 d)

250 1114 415 1174 Secundum
443 1110 688 1187 experimentum,
719 1123 749 1169 et
771 1111 852 1186 quod
874 1109 1024 1172 ostendere
1045 1108 1180 1186 videtur,
1207 1123 1303 1186 partes
1324 1110 1402 1168 lixas

211 1243 271 1286 non
304 1224 354 1286 nist
386 1225 472 1284 faces
499 1223 579 1283 Nitri
611 1221 666 1282 elle
696 1223 742 1300 e),
774 1221 831 1298 est,
868 1225 950 1298 quod
977 1223 1115 1298 Nitrutn,
1147 1239 1208 1298 quo
1238 1222 1329 1300 magis
1357 1223 1402 1282 est

467 1336 661 1410 defaecatum,
692 1351 729 1395 eo
760 1334 927 1408 volatiliur,
957 1349 987 1396 et
1016 1334 1107 1414 magis
1138 1351 1238 1410 aptum
1267 1337 1303 1395 ad
1332 1353 1401 1412 cry-

396 1462 403 1465 *
468 1439 660 1501 stallisandunt
684 1439 725 1517 j)
757 1438 881 1514 reperio.
921 1440 997 1501 Nam
1034 1458 1099 1502 cum
1136 1440 1287 1520 crystallus
1318 1441 1402 1501 Nitri

395 1552 398 1553 ’
468 1543 605 1606 defaecati
636 1542 696 1606 five
727 1543 827 1604 filtrati
845 1545 882 1621 g)
903 1546 1014 1621 poculo
1041 1545 1155 1620 vitreo,
1183 1545 1277 1622 qualis
1294 1544 1329 1624 h)
1358 1546 1402 1606 est

470 1651 516 1724 A,
535 1648 730 1724 imponerem,
753 1663 782 1709 et
812 1665 912 1724 parurn
944 1667 1027 1726 aquae
1059 1650 1171 1728 frigidae
1199 1649 1402 1724 infunderem,

471 1753 552 1815 stmul
584 1772 649 1815 cunr
681 1773 755 1830 aqua
788 1754 836 1814 illa
867 1753 972 1833 frigida
1003 1755 1107 1832 partim
1139 1757 1339 1831 evaporabat,
1370 1771 1402 1814 et

338 1850 364 1868 ⁹
475 1858 583 1921 sursum
611 1859 685 1920 circa
715 1858 784 1920 vitri
805 1860 882 1920 labra
904 1859 1054 1936 particula
1074 1860 1130 1920 illa
1152 1861 1286 1939 fugitivae
1307 1860 1403 1921 haere-

473 1967 561 2039 bant,
582 1979 611 2024 et
634 1963 663 2024 in
684 1963 807 2024 stiriolas
828 1963 1041 2026 coalescebant.
1064 1967 1091 2042 i)

506 2067 642 2130 Tertium
671 2068 919 2144 experimentum,
948 2072 1030 2146 quod
1056 2071 1087 2146 k)
1115 2071 1244 2131 indicare
1264 2071 1404 2144 videtur,

213 2185 370 2260 particulas
398 2181 516 2259 spiritus
544 2180 641 2256 Nitri,
667 2179 719 2241 ubi
741 2179 823 2241 suum
844 2198 956 2243 motum
978 2184 1008 2260 l)
1032 2183 1189 2258 amittunt,
1209 2183 1403 2244 inflammabi-

212 2301 254 2360 les
281 2297 382 2371 reddi,
404 2295 459 2357 ell:
502 2293 643 2355 Guttnlas
664 2295 705 2372 tn)
733 2293 858 2371 Spiritt'ls
879 2293 958 2355 Nitri
987 2294 1143 2358 involucro
1164 2295 1320 2358 chartaceo
1343 2297 1401 2356 hu-

212 2410 292 2471 mido
324 2407 476 2484 instillavi,
508 2426 540 2468 ac
562 2409 595 2485 n)
627 2405 733 2467 deinde
765 2423 879 2466 arenam
911 2405 1067 2485 inienio),
1100 2426 1151 2482 per
1179 2408 1264 2486 cujus
1285 2425 1404 2470 meatus

212 2521 330 2597 spiritus
352 2520 431 2580 Nitri
453 2519 599 2580 continuo
621 2518 650 2578 se
673 2517 857 2594 innnuabat;
878 2533 907 2578 et
930 2518 1082 2596 postquam
1105 2537 1189 2580 arena
1211 2535 1328 2597 totum,
1349 2539 1404 2582 aut

213 2637 272 2694 fere
294 2649 390 2695 totum
409 2633 540 2710 spiritum
559 2631 638 2692 Nitri
656 2631 827 2707 imbiberat,
846 2649 907 2692 earn
925 2631 954 2691 in
974 2635 1078 2693 eodem
1097 2632 1252 2696 involucro
1271 2634 1357 2710 super
1363 2637 1405 2714 p)

212 2747 307 2824 ignem
329 2748 421 2822 probe
442 2743 603 2818 exsiccavi;
624 2760 686 2820 quo
709 2745 787 2805 facio
810 2761 922 2804 arenam
945 2744 1084 2822 deposui,
1103 2760 1133 2805 et
1151 2745 1278 2806 chartam
1298 2765 1405 2822 ptunae

212 2857 331 2920 micanti
363 2856 486 2934 apposui
518 2857 568 2936 q),
600 2875 684 2932 quae,
715 2855 808 2917 statim
840 2871 930 2934 atque
961 2858 1056 2936 ignem
1088 2858 1325 2934 apprehendebat
1351 2861 1406 2936 r),

213 2973 316 3033 eodern
338 2973 427 3033 modo
448 2970 624 3031 scintillabat
645 2971 689 3049 s),
711 2989 745 3030 ac
768 2971 863 3030 facere
884 2969 975 3046 solet,
1004 2989 1068 3030 curn
1091 2969 1184 3047 ipsum
1205 2971 1324 3032 Nittum
1347 2971 1404 3032 im·

211 3082 329 3145 biberit.
370 3083 453 3157 Alia,
475 3080 496 3140 sr
517 3081 586 3142 mihi
610 3079 706 3142 suiliet
728 3080 923 3143 commoditas
945 3081 1067 3142 ulterius
1088 3083 1115 3163 t)
1139 3083 1334 3161 experiundi,
1355 3084 1405 3145 his

245 3387 278 3452 a)
296 3395 322 3437 et
339 3387 453 3452 quamvis
467 3383 571 3450 flamna
586 3395 680 3453 partes
698 3387 776 3438 etiarn
792 3387 866 3452 fixas
884 3403 900 3439 a
915 3388 946 3452 fe
964 3389 1096 3454 expellat,
1114 3404 1159 3440 ear
1177 3404 1225 3439 non
1242 3389 1288 3454 nist
1302 3392 1405 3441 avola·

212 3471 301 3521 tiliius
319 3470 364 3535 (ut
381 3485 398 3520 a
416 3471 449 3520 cl.
466 3478 558 3520 autore
577 3469 716 3534 vocantur)
735 3469 883 3534 diffociatas
900 3485 917 3520 n
933 3471 965 3536 sa
984 3473 1100 3538 expellit.

246 3553 275 3616 b)
293 3562 338 3610 2⁰..
360 3554 424 3616 quod
442 3561 536 3618 parter
561 3553 596 3602 lta
620 3553 758 3614 volatiles,
773 3553 898 3618 postquam
912 3554 994 3618 semel
1011 3571 1026 3605 a
1042 3554 1144 3620 sales.
1162 3556 1336 3620 diffociantnr,
1353 3572 1405 3604 non

209 3633 306 3698 poffunt
330 3644 437 3700 propter
462 3636 544 3685 minus
570 3636 724 3686 concitatam
750 3645 858 3698 motum,
879 3636 911 3701 fe
937 3649 1076 3704 perparva
1094 3638 1203 3703 ejusden
1218 3637 1289 3702 salit
1307 3640 1404 3688 iteruin

213 3715 346 3780 infinitate.
462 3718 490 3784 c)
509 3733 587 3782 quare
601 3718 737 3783 sequitur,
754 3719 804 3780 3'.‚
821 3721 886 3783 qnod
898 3729 992 3786 partes
1006 3721 1082 3786 sunni.
1200 3721 1232 3786 d)
1252 3731 1277 3770 et
1296 3723 1322 3769 in
1341 3725 1405 3771 nere

208 3799 312 3864 frigido
337 3800 362 3847 in
381 3797 497 3862 sliriular
520 3803 587 3852 nitri
608 3811 807 3863 concreverant,
820 3813 914 3869 partes
932 3805 997 3854 nitri
1011 3805 1135 3869 fuerant,
1152 3819 1167 3855 n
1182 3804 1244 3870 sale
1257 3804 1308 3867 fian
1323 3804 1404 3870 sepa·

212 3890 293 3940 rata,
310 3889 337 3929 at
353 3881 462 3942 nitrum,
479 3883 505 3931 in
523 3885 588 3947 quod
604 3895 800 3946 concreverant,
818 3885 932 3949 crystalli
944 3885 1076 3950 filerunt,
1092 3889 1134 3952 qui
1152 3901 1182 3936 ex
1195 3887 1265 3951 salis
1278 3889 1404 3953 partibas

211 3963 363 4014 volatilibus
380 3963 534 4028 conflabant.
733 3969 762 4032 e)
781 3970 811 4018 L.
828 3968 925 4020 omittit
943 3979 968 4019 at
985 3969 1183 4034 qnod....effe.

241 4046 279 4110 s)
297 4048 327 4096 L:
344 4048 429 4112 tnagis
446 4049 482 4097 ad
500 4047 564 4112 cripi.
582 4058 669 4114 aptum
689 4051 778 4116 ipsunt.

244 4129 279 4194 g)
297 4129 362 4180 nitri
376 4129 487 4194 filtratl.
605 4132 636 4197 la)
653 4133 736 4194 vitra,
754 4135 839 4198 quale.
945 4137 970 4202 i)
984 4137 1106 4201 fugitiva
1123 4139 1149 4187 in
1164 4136 1280 4201 fiiriolas
1296 4152 1404 4203 congre·

210 4213 352 4280 gaiantnr.
453 4215 482 4278 k)
501 4229 556 4275 snm
575 4224 601 4264 et
619 4217 691 4278 parad.
793 4217 878 4282 θυιὺπ’
895 4229 995 4268 notan.
1096 4221 1135 4284 nt)
1154 4221 1174 4269 l.
1189 4219 1273 4270 addita
1292 4221 1405 4284 aliquot.

245 4295 276 4359 n)
295 4303 330 4345 et.
503 4297 532 4361 o)
550 4296 663 4362 insperss.
827 4301 860 4364 p)
874 4300 974 4363 subter.
1138 4301 1167 4366 q)
1186 4303 1353 4368 apponebam.

245 4377 274 4443 r)
293 4379 508 4445 apprehenderat.
676 4382 704 4445 x)
720 4382 890 4444 scintillavit.
1059 4385 1085 4448 t)
1102 4385 1123 4434 1.
1141 4383 1238 4435 omittit
1255 4386 1383 4440 alterius.
