2926 4896
225 357 266 424 66
661 351 865 432 Epistola
895 350 974 416 XIX.

228 537 422 612 ostenderem,
450 554 535 612 quam
564 550 677 613 gratum
706 533 776 594 milri
798 548 828 593 et
849 531 1034 609 imposterum
1056 531 1186 591 futurum
1209 527 1257 603 lit,
1280 525 1419 588 occasio·

228 667 291 710 nem
312 646 438 709 nancisci
458 649 495 708 ad
517 664 609 708 meum
631 644 686 706 tibi
709 643 836 706 officium
860 643 1060 720 praestandum.

267 761 314 822 Ut
334 774 431 820 autem
451 757 619 836 praesentem
640 772 770 833 captem,
790 755 912 833 propius
933 756 1085 830 accedam,
1107 769 1138 814 et
1156 754 1193 814 ad
1210 751 1420 833 Quaestionem

226 888 306 933 ruam
326 870 527 947 respondebo,
548 887 613 947 quae
634 869 664 930 in
686 886 724 930 eo
744 867 871 931 vertitur
898 865 1030 941 cardine,
1051 864 1200 942 nimirum,
1222 865 1314 947 Quod
1338 865 1421 924 clare

227 982 361 1044 videatur
391 979 488 1058 sequi,
519 995 578 1042 tam
608 999 645 1040 ex
675 979 733 1040 Dei
762 977 969 1054 Providentia,
997 995 1063 1054 quae
1092 979 1128 1036 ab
1158 976 1222 1054 ejus
1243 976 1420 1038 voluntate

228 1112 288 1155 non
309 1091 423 1169 differt,
450 1110 536 1170 quam
564 1110 602 1153 ex
628 1090 684 1152 Dei
706 1090 877 1180 Concursu,
897 1106 1051 1166 rerumque
1072 1087 1230 1149 Creatione
1251 1087 1422 1162 continua,

229 1206 277 1268 vel
296 1205 373 1266 nulla
394 1203 456 1264 dari
477 1218 597 1280 peccata
619 1203 767 1264 nullumve
789 1203 910 1278 malum,
940 1202 989 1264 vel
1008 1203 1104 1262 Deum
1126 1218 1159 1260 ea
1180 1214 1301 1276 peccata
1323 1214 1421 1275 atque

228 1318 299 1379 illud
319 1317 424 1378 malum
446 1315 568 1377 efficere.
589 1315 699 1376 Verum
721 1332 780 1374 non
803 1313 948 1390 explicas,
966 1314 1038 1390 quid
1058 1331 1110 1390 per
1130 1313 1234 1374 malum
1255 1312 1422 1392 intelligas,

228 1444 258 1491 et
280 1444 421 1507 quantum
450 1447 487 1489 ex
513 1429 648 1503 exemplo
670 1429 706 1489 de
727 1427 919 1488 determinata
947 1426 1102 1490 voluntate
1123 1424 1230 1486 Adami
1251 1423 1422 1500 perspicere

227 1538 315 1611 licet,
342 1537 451 1601 videris
479 1555 531 1616 per
551 1539 656 1600 malum
677 1536 837 1616 intelligere
859 1535 949 1612 ipsam
971 1538 1173 1613 voluntatem,
1194 1551 1341 1613 quatenus
1365 1537 1421 1598 tali

229 1651 319 1712 modo
341 1650 532 1713 detemtinata
552 1648 773 1726 conciperetur,
793 1649 842 1713 vel
864 1663 1011 1725 quatenus
1031 1647 1088 1709 Dei
1110 1649 1247 1710 mandato
1268 1667 1422 1727 repugna-

228 1775 289 1838 ret,
321 1777 350 1823 et
381 1777 538 1838 propterea
571 1761 629 1838 air,
661 1779 791 1841 magnam
821 1759 875 1822 elie
897 1761 1104 1824 absurditatem
1127 1760 1176 1840 (ut
1196 1777 1227 1822 et
1248 1779 1321 1841 ego,
1342 1761 1367 1822 fi
1391 1761 1421 1822 se

228 1872 269 1934 ita
289 1891 334 1935 ιιι
355 1873 489 1954 haberet)
512 1874 681 1936 alterutrum
702 1874 806 1938 horum
830 1874 970 1952 statuere,
992 1893 1111 1952 nempe,
1130 1876 1227 1936 Deum
1248 1873 1341 1951 ipsum
1361 1894 1423 1954 res,

229 2003 294 2060 quae
326 1999 429 2046 contra
459 1985 538 2048 suam
568 1985 753 2047 voluntatem
784 1986 871 2062 sunt,
902 1985 1032 2062 operari,
1064 1986 1112 2048 uel
1141 2003 1190 2046 eas
1218 1986 1312 2047 bonae
1332 1986 1423 2062 sore,

228 2094 298 2158 licet
319 2097 468 2160 voluntati
487 2097 545 2162 Dei
566 2113 769 2176 repugnarent.
805 2098 913 2180 Quoad
933 2115 996 2174 me,
1017 2113 1078 2158 non
1099 2094 1213 2172 polium
1234 2098 1422 2175 concedere,

229 2225 351 2286 peccata
382 2225 411 2272 et
443 2213 547 2274 malum
579 2210 651 2288 quid
681 2209 840 2288 positivum
871 2209 943 2288 elie,
974 2213 1067 2272 multo
1096 2210 1208 2288 minus,
1228 2209 1340 2289 aliquid
1362 2210 1421 2270 else

231 2335 281 2382 aut
308 2320 369 2381 lieri
397 2337 499 2383 contra
528 2321 585 2383 Dei
607 2322 799 2384 voluntatem.
840 2322 970 2383 Econtra
991 2321 1077 2398 dico,
1099 2338 1158 2382 non
1181 2320 1273 2382 solum
1293 2335 1421 2396 peccata

231 2451 291 2492 non
313 2429 369 2494 esse
390 2432 462 2510 quid
483 2432 656 2509 positivum,
677 2450 778 2497 verum
799 2431 886 2494 etiam
904 2431 1030 2510 affirmo,
1048 2449 1103 2494 nor
1120 2449 1183 2494 non
1194 2431 1246 2493 nifi
1257 2430 1421 2508 improprie

231 2547 278 2610 vel
305 2545 432 2608 humano
460 2562 540 2607 more
568 2547 719 2623 loquendo
748 2545 843 2607 dicere
871 2544 969 2623 posse,
994 2563 1049 2608 nor
1070 2563 1137 2624 erga
1158 2547 1256 2608 Deum
1276 2562 1419 2621 peccare,

231 2671 264 2718 ut
286 2675 351 2718 cum
373 2657 512 2734 dicimus,
532 2657 666 2720 homines
687 2658 783 2720 Deum
805 2657 963 2720 offendere.

269 2769 362 2844 Nam,
389 2769 511 2846 primum
538 2772 621 2848 quod
648 2769 759 2848 speclat
766 2815 785 2864 ,Ι
798 2770 934 2834 novimus
941 2816 952 2849 ,
972 2771 1115 2850 quicquid
1136 2771 1195 2850 est,
1215 2773 1245 2834 in
1267 2772 1297 2834 se
1319 2772 1418 2834 confi-

231 2883 361 2941 demtum
392 2879 450 2942 line
481 2879 613 2958 respetlu
642 2883 679 2944 ad
707 2882 786 2944 aliud
815 2882 903 2959 quid,
931 2883 1140 2960 perseclionem
1161 2883 1326 2960 includere,
1348 2901 1418 2962 quae

231 2990 290 3052 sese
320 3009 357 3052 eo
389 2992 479 3070 usque
512 2993 542 3053 in
573 3012 749 3072 quacunque
776 3012 806 3057 re
828 2996 980 3073 extendit,
1002 3013 1062 3074 quo
1084 2995 1113 3058 se
1135 2996 1269 3059 extendit
1290 2995 1352 3074 ipsa
1375 2997 1418 3058 rei

231 3101 363 3164 essentia:
395 3123 459 3164 nam
489 3103 605 3168 essentia
634 3105 721 3168 etiam
747 3106 820 3168 nihil
841 3107 918 3170 aliud
940 3109 990 3170 est.
1031 3111 1138 3186 Sume,
1159 3109 1284 3188 exempli
1305 3109 1420 3188 gratia,

232 3213 381 3278 confilium
401 3213 460 3278 slve
483 3217 703 3279 detenninatam
723 3218 829 3280 Adami
850 3221 1035 3282 voluntatem
1057 3223 1094 3282 ad
1115 3219 1421 3283 edenduudefruun

231 3326 399 3402 prohibito:
427 3329 485 3390 hoc
514 3328 681 3406 confilium,
709 3330 768 3396 stuc
794 3329 842 3392 illa
864 3331 1054 3394 determinata
1076 3333 1232 3408 voluntas,
1254 3331 1283 3392 in
1305 3330 1333 3391 se
1354 3329 1420 3391 sola

230 3438 410 3500 considerata
432 3455 545 3502 tautum
566 3440 755 3518 perfectionis
776 3441 918 3520 includit,
940 3457 1084 3521 quantum
1104 3442 1245 3505 realitatis
1263 3441 1419 3518 exprimit3

231 3566 262 3611 et
291 3552 348 3612 hoc
380 3551 448 3614 inde
479 3551 602 3632 intelligi
634 3551 748 3630 potest,
779 3572 900 3631 nempe,
922 3556 1004 3631 quod
1024 3554 1055 3616 in
1076 3555 1162 3616 rebus
1183 3555 1288 3616 nullam
1310 3551 1419 3629 imper-

232 3661 385 3724 fectionem
407 3665 542 3740 pollimus
562 3663 736 3742 concipere,
757 3664 808 3726 nist
830 3670 866 3729 ad
887 3667 956 3730 aliar
978 3685 1023 3728 rer
1044 3670 1246 3746 attendamur,
1264 3685 1329 3746 qua
1347 3669 1420 3744 plus

231 3773 341 3834 habent
361 3775 518 3852 realitatia3
539 3792 569 3838 et
591 3792 746 3854 propterea
768 3776 799 3839 in
819 3778 924 3841 Adami
946 3781 1087 3858 decreto,
1106 3783 1226 3859 quando
1249 3779 1320 3843 illud
1336 3778 1367 3841 in
1385 3780 1418 3842 se
1447 3779 1448 3782 ’

232 3883 460 3962 consideramus,
492 3904 545 3948 nec
578 3906 643 3950 cum
675 3889 740 3950 aliis
771 3890 1011 3968 perfeslioribus,
1041 3891 1283 3968 perfeaioremve
1309 3891 1417 3953 statum

232 3995 469 4073 ostendentibus,
486 4015 701 4078 comparamur,
719 4002 825 4062 nubam
837 4003 999 4078 poterimus
1009 4003 1142 4068 invenire
1152 4003 1418 4082 imperfedionem3
1446 4029 1447 4058 ι

232 4109 291 4171 imo
312 4129 378 4172 cunr
399 4110 521 4172 infinitis
541 4111 605 4172 aliis
626 4131 793 4189 comparare
815 4114 946 4190 respectu
967 4114 1046 4178 illius
1067 4119 1155 4197 longe
1175 4115 1417 4196 perfectioribus,

232 4221 277 4284 uri
297 4220 460 4298 lapidibus,
482 4223 610 4299 truncis,
632 4240 688 4286 etc.
708 4225 787 4288 licet.
818 4227 857 4287 Et
877 4227 937 4288 hoc
958 4227 1057 4304 quivis
1078 4247 1178 4291 revera
1200 4247 1321 4308 quoque
1342 4248 1416 4291 con·

232 4335 327 4411 cedit,
350 4354 413 4397 nam
436 4335 560 4412 quilibet
581 4356 643 4414 ιιι,
666 4357 738 4414 quas
759 4339 789 4400 in
809 4339 977 4402 hominibus
998 4341 1175 4418 detestatur,
1195 4360 1415 4418 cumqueaver·
