2926 4896
193 347 218 394 Χ

239 505 416 590 Hucusque
456 505 621 572 communi
660 501 793 570 consilio
833 500 1055 586 scripseramus
1097 503 1237 586 librique
1279 501 1380 568 nostri

193 631 315 718 pagina
346 631 423 696 602.
445 629 571 713 prelum
601 627 816 710 reliquerant,
846 645 947 708 quum
978 625 1030 690 die
1062 645 1115 692 αι.
1147 626 1244 711 huJ'us
1267 622 1381 692 menfis

195 752 363 835 repentino
397 751 512 818 morbo
546 747 732 832 absumptus
766 745 814 814 est
843 747 1005 834 Johannes
1040 767 1102 814 van
1128 747 1251 814 Vloten
1274 748 1380 832 operis

194 870 291 956 huJus
325 869 441 936 socius.
488 869 572 936 Viro
607 870 723 954 patriae
759 888 867 934 amore
900 865 1072 956 flagranti,
1095 870 1193 934 variae
1227 867 1380 934 doctrinae

194 992 289 1075 copia
311 988 443 1080 insigni,
466 987 678 1074 persuasionis
700 987 765 1056 suae
788 992 1022 1078 propugnatori
1044 991 1201 1058 acerrimo
1223 1007 1383 1074 quantum

194 1111 332 1178 debeant
354 1109 459 1178 studia
482 1108 634 1178 historica
659 1125 692 1176 et
714 1111 875 1192 literaria,
908 1112 1027 1177 horum
1051 1112 1192 1178 cultores
1215 1113 1278 1178 rite
1300 1113 1384 1177 cele·

196 1235 347 1300 brabunt.
392 1233 482 1300 Mihi
505 1230 636 1315 quidem
658 1233 694 1296 in
718 1230 815 1316 hujus
839 1233 945 1316 operis
967 1231 1031 1298 fine
1055 1231 1198 1298 defundi
1229 1235 1384 1300 memoria

192 1353 285 1440 justis
319 1353 471 1422 laudibus
504 1351 746 1438 prosequenda,
780 1354 837 1436 qui
867 1351 1051 1438 philosophi
1084 1353 1226 1420 studium
1247 1355 1305 1421 diu
1327 1375 1386 1420 ne-

195 1477 332 1563 gleoum
361 1477 488 1542 civibus
519 1474 619 1558 usque
641 1472 937 1556 commendaverit,
959 1476 1016 1557 qui
1038 1493 1073 1543 et
1096 1493 1189 1543 antea
1212 1494 1245 1542 et
1268 1477 1301 1542 in
1324 1477 1386 1540 hac

196 1597 282 1662 illius
304 1617 439 1680 operum
463 1595 606 1662 editione
629 1593 770 1661 curanda
792 1594 988 1660 documenta
1005 1593 1192 1662 abscondita
1214 1613 1249 1661 et
1270 1594 1387 1680 deper-

195 1717 263 1786 dita
298 1717 421 1786 summa
456 1715 612 1784 industria
646 1717 822 1802 protulerit
845 1733 878 1782 et
901 1713 1156 1799 conquisiverit,
1184 1717 1241 1800 qui
1271 1714 1389 1782 statuae

196 1843 265 1926 ejus
295 1839 453 1925 ponendae
483 1839 742 1925 scriptorumque
775 1837 1048 1904 emendandorum
1079 1838 1251 1922 primarius
1274 1838 1391 1904 auctor

197 1960 367 2028 exstiterit.
399 1962 530 2048 Quibus
553 1961 696 2041 meritis,
718 1956 840 2025 etiamsi
864 1955 930 2042 ipse
952 1956 993 2023 de
1017 1959 1056 2022 iis
1078 1955 1221 2024 modeste
1241 1956 1391 2044 judicare

196 2081 335 2165 solebat,
370 2101 475 2150 tamen
510 2082 597 2150 haud
631 2081 729 2147 dubie
763 2080 797 2146 id
832 2078 961 2162 effecit,
995 2099 1033 2145 ut
1068 2099 1185 2146 nomen
1219 2081 1288 2165 ejus
1309 2098 1391 2143 cum

197 2203 347 2288 Spinozae
371 2205 495 2270 honore
518 2220 676 2288 perpetuo
700 2204 833 2268 vinculo
856 2202 1065 2287 conjunctum
1087 2199 1128 2268 stt
1148 2201 1310 2268 futurum.

242 2416 285 2484 D.
310 2418 415 2510 Lugd.
441 2418 515 2485 Bat.
538 2439 580 2485 m.
604 2419 695 2503 Sept.
719 2437 746 2483 a.
774 2421 871 2502 1883.
1035 2415 1066 2502 J.
1087 2417 1125 2482 P.
1149 2416 1196 2483 N.
1218 2414 1342 2483 Lanu.
