2926 4896
496 367 699 443 Epistola
731 367 798 428 llll.
1197 383 1234 448 41

62 545 161 608 strevi
181 544 238 606 lure
266 543 465 620 delinitionis,
492 542 623 620 sequitur
651 541 705 604 elle
729 542 891 619 infinitum,
913 559 942 605 et
966 543 1013 619 id,
1036 547 1117 622 quod
1139 545 1237 606 nullos

61 659 125 718 tinea
153 656 258 733 habet,
288 673 350 717 non
382 655 501 732 quidem
529 653 561 716 vi
588 653 646 715 suae
675 651 820 730 edentia,
841 653 891 717 sed
911 654 942 716 vi
964 655 1022 717 luae
1044 655 1147 717 causae.
1190 656 1236 717 Ac

62 769 139 828 etiam
167 769 235 846 quia
266 786 328 830 non
359 766 554 829 distinxerunt
581 765 659 827 inter
686 765 734 842 id,
756 769 838 843 quod
858 765 1004 828 inlinitum
1027 767 1144 844 dicitur,
1166 768 1236 846 quia

61 881 147 942 nulus
172 879 264 960 habet
290 881 381 958 linea,
410 895 441 941 et
468 880 516 955 id,
543 876 628 955 cujus
649 893 764 955 partes,
786 879 920 956 quamvis
942 877 1006 956 ejus
1028 879 1183 942 maximum
1205 895 1236 941 et

61 991 195 1052 minimum
232 992 411 1067 habeamur,
442 991 525 1054 nullo
557 1005 654 1052 tamen
685 1008 808 1052 numero
842 993 995 1068 adequare
1027 1007 1058 1052 et
1089 991 1235 1069 explicare

60 1104 205 1181 pollemus.
232 1105 371 1183 Denique
394 1105 545 1182 quianon
567 1103 762 1166 distinxerunt
783 1101 859 1164 inter
879 1102 927 1179 id,
949 1105 1031 1180 quod
1052 1103 1235 1168 solummodo

61 1218 224 1298 intelligere,
256 1237 317 1280 non
349 1235 419 1280 vero
452 1215 619 1296 imaginari,
647 1231 677 1278 et
707 1216 784 1278 inter
806 1215 853 1292 id,
874 1218 956 1292 quod
977 1215 1065 1277 etiam
1087 1215 1235 1296 imaginari

60 1329 203 1406 possumne
245 1333 296 1393 Ad
323 1331 403 1406 hec,
431 1329 565 1408 inquam,
586 1327 606 1389 st
629 1326 834 1405 attendissent,
863 1347 1012 1406 nunquam
1041 1343 1100 1391 tam
1123 1329 1235 1408 ingenti

60 1442 254 1505 difficultatum
285 1446 373 1506 turba
403 1442 504 1504 obruti
536 1439 663 1504 fuillent.
705 1442 789 1503 Clare
818 1441 895 1503 enim
924 1456 986 1504 tum
1008 1439 1236 1518 intellexissent,

59 1557 135 1632 quale
163 1557 314 1618 Infinitum
347 1555 376 1616 in
409 1555 503 1618 nullas
535 1569 634 1632 partes
665 1553 777 1631 dividi,
804 1553 856 1616 seu
877 1555 970 1616 nullas
991 1568 1089 1631 partes
1109 1552 1236 1631 habere,

59 1668 160 1745 potest,
180 1669 278 1748 ¹quale
309 1685 382 1732 vero
415 1669 538 1745 contri,
560 1667 650 1745 idque
672 1666 731 1730 line
753 1665 994 1730 contradictione.
1035 1667 1127 1729 Porro
1149 1666 1236 1728 etiam

59 1779 269 1858 intellexillent,
287 1782 374 1858 quale
391 1779 540 1842 Infinitum
558 1779 652 1857 majus
672 1779 730 1840 alio
748 1778 869 1842 lnlinito
887 1778 946 1841 stne
964 1781 1022 1841 ula
1041 1779 1236 1855 implicantia,

59 1895 133 1970 quale
159 1911 231 1958 vero
260 1911 324 1956 non
351 1893 422 1955 item
449 1891 567 1968 concipi
596 1891 708 1969 potest;
737 1894 819 1969 quod
849 1911 887 1953 ex
915 1911 985 1954 mox
1006 1891 1139 1956 dicendis
1162 1893 1236 1954 clare

59 2006 209 2082 apparebit.

93 2119 197 2180 Verum
218 2120 301 2195 priua
322 2118 384 2180 haec
405 2132 533 2196 quatuor
553 2116 656 2193 paucis
677 2134 840 2195 exponam,
859 2115 997 2180 videlicet
1020 2117 1234 2194 Substantiam,

61 2229 189 2306 Modum,
210 2229 439 2306 AEternitatem‚
460 2245 491 2290 et
511 2229 714 2291 Durationem.
751 2230 826 2312 Quae
849 2231 924 2290 circa
946 2229 1140 2290 Substantiam
1162 2248 1234 2292 con·

62 2339 162 2402 fidenati
183 2340 289 2415 velim,
310 2339 391 2416 sunt,
410 2340 520 2417 primo,
540 2341 632 2423 Quod
654 2343 690 2403 ad
711 2339 776 2418 ejus
797 2339 944 2402 clientiam
962 2340 1092 2417 pertinet
1109 2341 1233 2404 existen-

62 2451 112 2528 tia,
138 2453 195 2516 hoc
227 2453 289 2531 eli,
320 2455 402 2532 quod
433 2472 470 2514 ex
501 2452 562 2515 sola
593 2453 657 2532 eiua
686 2452 804 2516 ellentia
825 2469 855 2515 et
877 2453 1049 2517 definitione
1078 2454 1235 2532 sequatur,

61 2583 113 2626 erm
141 2566 280 2644 existere;
311 2570 409 2644 quod,
440 2565 492 2629 nist
514 2585 558 2628 me
580 2585 642 2628 mea
663 2567 738 2629 fallit
765 2569 920 2644 memoria,
942 2567 1066 2630 antehac
1088 2567 1143 2630 tibi
1164 2569 1235 2632 viva

62 2697 126 2740 voce
145 2680 255 2759 absque
276 2700 335 2757 ope
356 2679 474 2742 aliarum
495 2678 732 2756 Proposrtionum
754 2680 958 2743 demonstravi.
999 2682 1183 2758 Secundum,
1204 2699 1235 2744 et

62 2795 132 2867 quod
160 2813 196 2854 ex
227 2794 287 2855 hoc
319 2793 412 2869 primo
443 2793 589 2870 sequitur,
611 2793 668 2870 est,
689 2796 771 2870 quod
792 2793 959 2856 Substantia
980 2810 1040 2855 non
1063 2795 1235 2872 multiplex,

62 2904 102 2966 sed
122 2907 204 2968 unica
225 2909 371 2970 duntaxat
392 2905 520 2983 ejusdem
542 2921 652 2968 naturae
674 2905 787 2966 existat.
820 2905 961 2974 ,Tertium
983 2904 1131 2981 denique,
1153 2909 1234 2984 quod

63 3019 144 3080 omnir
174 3019 342 3082 Substantia
372 3037 432 3082 non
466 3018 518 3080 nist
550 3018 664 3080 infinita
686 3019 771 3094 poffit
792 3016 925 3096 intelligi.
966 3017 1140 3079 Substantia
1161 3035 1234 3080 vero

62 3127 230 3192 Alfetlionee
262 3132 374 3192 Modoa
406 3145 505 3206 voc0,
536 3147 661 3206 quorum
690 3128 840 3203 definitio,
861 3145 1009 3207 quatenus
1030 3149 1091 3191 non
1113 3129 1153 3191 est
1173 3131 1235 3206 ipsa

63 3240 221 3304 Substantia
243 3240 397 3318 definitio,
417 3243 524 3302 nullam
547 3238 729 3302 existentiam
747 3239 899 3304 involvere
918 3241 1024 3317 potest.
1035 3243 1236 3323 Quapropter,

63 3351 182 3426 quanvis
203 3352 346 3428 exiliant,
367 3371 420 3414 eos
442 3366 474 3414 ut
496 3371 556 3413 non
578 3351 737 3414 exilientes
758 3352 915 3430 concipere
934 3352 1099 3430 pollumua;
1117 3371 1155 3414 ex
1173 3373 1234 3430 quo

64 3481 139 3536 porro
160 3463 308 3544 sequitur,
330 3483 402 3541 noa,
424 3463 474 3526 ubi
497 3466 533 3526 ad
555 3441 643 3525 solam
665 3467 817 3527 modorum
840 3463 1005 3540 essentiam,
1027 3481 1088 3524 non
1109 3481 1182 3525 vero
1198 3467 1235 3527 ad

64 3576 179 3640 ordinem
210 3578 307 3642 totiua
336 3577 458 3640 Naturae
490 3577 686 3654 attendimus,
717 3596 777 3638 non
810 3575 889 3653 polle
923 3576 1098 3637 concludere
1121 3594 1235 3652 exeo,

65 3693 133 3762 quod
156 3689 213 3768 jam
243 3690 389 3766 existant,
420 3689 500 3767 ipsos
529 3691 628 3766 postea
656 3689 813 3750 exstituros
835 3703 887 3750 aut
909 3705 970 3749 non
991 3687 1167 3765 exstituros,
1187 3689 1235 3752 vel

65 3813 138 3860 antea
157 3800 292 3862 exstitille
313 3818 365 3863 aut
387 3819 446 3864 non
469 3799 615 3864 exstitille.
657 3803 747 3864 Unde
769 3801 843 3862 clare
875 3814 1013 3876 apparet,
1033 3819 1089 3861 nos
1110 3799 1235 3862 exilien-

65 3907 123 3970 tiam
148 3912 319 3974 Substantiae
348 3928 417 3975 toto
443 3931 549 3994 genere
571 3933 587 3974 a
608 3913 769 3975 Modorum
798 3909 950 3974 existentia
971 3911 1113 3974 diversam
1134 3912 1234 3974 conci-

66 4039 132 4094 pere.
169 4025 218 4102 Ex
246 4044 307 4104 quo
335 4024 428 4088 oritur
457 4025 621 4088 differentia
642 4025 719 4086 inter
740 4022 946 4086 AEtemitatem
968 4039 998 4084 et
1018 4023 1235 4101 Durationem;

67 4151 109 4207 per
126 4137 316 4201 Durationum
339 4135 415 4198 enim
435 4139 596 4200 Modorurn
626 4153 741 4199 tantum
762 4136 944 4198 existentiam
966 4137 1113 4214 explicare
1135 4137 1234 4213 pollu-

68 4263 132 4322 nm,
151 4249 322 4315 Substantiae
343 4268 416 4314 vero
437 4267 488 4326 per
507 4248 733 4326 AEtetnitntem,
754 4249 812 4311 hoc
834 4248 891 4325 est,
912 4247 1052 4311 infinitam
1074 4247 1233 4329 existendi,

67 4353 130 4436 lue,
148 4361 238 4426 inuita
257 4362 423 4442 latinitate,
445 4361 551 4424 ellendi
574 4361 755 4425 fruitionem.
