2926 4896
545 345 818 426 Epistola'IL
1252 367 1271 432 7

88 527 198 592 scilicet
228 529 372 594 voluntas
403 525 499 589 differt
531 527 568 587 ab
598 527 652 588 hac
681 541 713 588 et
740 526 788 588 illa
816 527 980 605 volitionc,
1001 519 1216 592 eodemmodo
1237 538 1271 592 ac

86 643 193 703 albedo
221 642 259 702 ab
284 639 345 704 hoc
373 655 404 702 et
430 639 481 701 illo
502 640 587 718 albo,
607 637 666 704 live
687 640 853 702 humanitas
873 643 909 702 ab
930 641 988 704 hoc
1009 656 1040 704 et
1062 642 1112 704 illo
1133 633 1268 719 homine3

85 755 161 814 adeo
172 765 209 814 ur
220 769 304 830 eque
324 750 493 828 impoffibile
513 750 549 812 lit
568 751 742 829 concipere,
762 753 947 816 voluntatem
969 754 1082 816 causam
1104 753 1161 816 elie
1181 754 1269 833 hujus

84 884 118 928 ac
149 865 232 927 illius
262 863 437 942 volitionia,
466 879 556 944 atque
587 865 796 927 humanitatem
817 864 873 927 ell‘e
893 866 1006 929 causam
1026 867 1106 929 Petri
1126 882 1158 930 et
1177 867 1271 930 Pauli.

84 979 160 1040 Com
182 977 275 1058 igitur
294 978 434 1041 voluntte
453 994 514 1040 non
534 977 570 1040 fit
590 976 641 1039 nist
663 995 716 1040 ene
736 977 878 1056 rarionia,
896 994 927 1042 ct
942 997 1126 1057 nequaquam
1147 979 1271 1042 dicenda

84 1091 171 1154 causa
200 1091 290 1170 hujus
318 1105 349 1154 et
375 1089 454 1152 illius
481 1089 654 1168 volitionia,
673 1105 704 1152 et
724 1091 913 1170 particulares
934 1091 1110 1168 volitiones,
1130 1091 1215 1170 quia,
1236 1105 1272 1154 ut

84 1203 232 1280 exiliant,
262 1217 350 1282 egent
380 1202 481 1280 causa,
511 1219 573 1265 non
603 1203 709 1280 pollint
740 1203 798 1266 dici
829 1203 945 1280 libere,
967 1203 1017 1266 sed
1038 1201 1193 1266 necellmio
1215 1201 1276 1264 lint

83 1317 177 1392 tales,
211 1315 313 1392 quales
340 1334 356 1375 a
386 1314 445 1377 luia
475 1315 567 1377 caulis
597 1315 843 1392 determinantur;
874 1330 905 1377 et
936 1315 1082 1395 denique,
1112 1315 1269 1384 secundum

83 1425 267 1503 eanedum,
287 1425 409 1503 ipstliimi
429 1444 541 1489 errores
551 1426 605 1489 fint
616 1427 806 1504 particulares
825 1425 1006 1505 volitioncr3
1024 1425 1093 1489 inde
1113 1423 1269 1488 necess'ario

82 1537 235 1617 sequitur,
256 1555 386 1615 errores,
406 1538 436 1601 id
456 1539 498 1600 est
518 1537 705 1616 particulares
726 1538 889 1603 volitiones
895 1584 906 1615 ‚
926 1556 987 1601 non
1008 1537 1064 1600 elle
1083 1539 1204 1614 Uberae,
1219 1538 1270 1600 sed

82 1649 273 1712 determinari
296 1668 313 1712 a
333 1649 424 1712 caulia
451 1649 597 1728 extentis,
622 1666 653 1714 et
673 1653 754 1714 nullo
776 1654 866 1714 modo
886 1672 903 1714 a
923 1653 1096 1728 voluntate;
1117 1652 1198 1728 quod
1219 1651 1270 1712 dc·

82 1761 243 1824 monstrate
263 1761 389 1840 promifi.
409 1761 476 1824 Etc.
1200 1753 1203 1760 ’

619 2067 762 2078 ι--.-

518 2307 574 2370 Ee
587 2325 599 2370 1
611 2326 625 2370 a
638 2326 660 2370 τ
672 2327 691 2369 ο
704 2326 724 2370 ι,
736 2327 758 2370 n
789 2311 840 2372 111.

552 2451 707 2533 Clarifflmo
728 2453 802 2513 Viro

611 2595 642 2655 B.
665 2613 696 2656 ι).
718 2595 747 2655 8.

394 2739 602 2802 HENRICUS
633 2738 965 2804 OLDENBURGIUS.

461 2881 612 2962 Responsso
632 2883 674 2942 ad
688 2883 900 2961 precedentem.

208 3063 268 3122 Vir
289 3061 517 3144 Praestanrrffime
537 3073 565 3120 et
585 3058 772 3142 Anricrfflme,

123 3205 266 3268 Reddite
287 3204 358 3266 mihi
376 3204 444 3266 sunt
464 3205 611 3280 perdociae
633 3219 691 3266 tuae
711 3203 820 3281 litere,
847 3219 879 3266 et
901 3220 1091 3284 magnacum
1113 3203 1271 3279 voluptate

85 3323 232 3398 perlcdlae.
280 3317 498 3380 Geometricum
528 3333 612 3380 tuum
644 3315 789 3393 probandi
818 3333 926 3378 morem
958 3315 1044 3378 valde
1073 3315 1191 3390 prob03
1220 3311 1272 3374 sed

86 3451 179 3496 meam
210 3431 293 3494 limtal
322 3429 530 3492 hebetudinem
560 3427 679 3504 incuso,
711 3429 810 3505 quod,
840 3446 906 3506 que
927 3441 987 3488 tam
1008 3439 1143 3486 accurate
1163 3427 1271 3501 docet,

87 3565 143 3626 ego
165 3546 245 3608 haud
266 3544 308 3605 ita
336 3558 470 3619 prompte
499 3539 636 3619 alloquar.
677 3539 799 3602 Patiaria
820 3540 929 3618 igitur,
947 3555 1019 3614 oro,
1040 3552 1074 3599 ut
1094 3538 1272 3600 documenta

88 3660 169 3722 iiliua
190 3677 261 3720 meae
283 3656 430 3720 tarditatis
451 3654 507 3717 tibi
527 3657 663 3732 prodam,
684 3655 753 3716 dum
774 3652 930 3730 sequenter
951 3648 1135 3734 Quaellionea
1152 3667 1272 3727 moveo,

90 3788 245 3848 unumque
266 3769 428 3832 solutiones
448 3786 465 3829 a
485 3782 515 3828 te
536 3781 618 3843 peto.

126 3883 221 3945 Prima
241 3882 298 3962 eii,
319 3900 356 3944 an
377 3882 454 3942 clare
474 3895 505 3942 et
525 3879 726 3942 indubitanter
735 3878 895 3958 intelligas,
907 3895 944 3938 ex
955 3875 1016 3939 sola
1024 3875 1074 3938 illa
1084 3874 1256 3940 definitione
1262 3920 1273 3954 ,

90 4015 174 4073 quam
195 3997 234 4056 de
252 3995 321 4056 Deo
342 3992 450 4070 tradis,
470 3991 674 4066 demonstrari,
695 3991 754 4052 tale
774 3990 836 4051 Ena
856 3988 999 4052 existere?
1022 3987 1088 4068 Ego
1108 3986 1192 4065 sane,
1206 4006 1273 4051 cum

90 4125 200 4170 mecum
231 4106 406 4184 perpendo,
436 4103 624 4167 definitiones
655 4121 716 4166 non
747 4100 799 4164 nist
831 4117 996 4178 conceptue
1026 4098 1140 4162 Mentis
1169 4099 1273 4163 nostrae

92 4220 258 4298 continerc;
279 4219 412 4280 Mentem
432 4232 531 4280 autem
549 4216 672 4279 nostram
690 4216 781 4278 multa
798 4213 1118 4292 concipere,quaenon
1130 4209 1272 4287 exiliunt,

92 4351 120 4400 tr
137 4332 376 4404 seecundiffimam
397 4329 453 4396 eise
473 4331 504 4400 in
525 4348 617 4404 rerum
639 4327 724 4398 semel
745 4343 953 4406 conceptarum
974 4323 1218 4406 multiplicatione
1241 4337 1272 4390 ct
