2922 4894
189 371 257 421 v111

186 557 340 607 ceterum
362 537 508 624 pro'stant
532 539 633 604 libelli
657 537 815 604 editiones
839 539 1041 606 Germanice
1066 557 1099 608 et
1123 541 1272 626 Gallica,
1295 561 1375 625 quas

186 679 384 728 curaverunt
405 663 470 727 viti
493 658 657 727 dodliffimi
681 661 839 750 Sigvvart,
863 659 1140 744 Schaarschmidt,
1158 661 1266 748 Janet.

229 784 393 866 Principia
416 781 620 866 Cattefiana,
644 782 870 872 Cogitationes
904 781 1158 868 Metaphysrcae,
1181 785 1309 850 libellus
1332 783 1375 850 de

185 904 287 987 Iride,
318 923 358 970 cx
389 903 587 971 editionibus
617 904 816 988 principibus
848 905 985 988 repetita
1006 901 1092 972 sunt.
1138 903 1249 990 Hujus
1272 925 1375 988 quum

185 1027 254 1094 duo
286 1025 479 1111 exemplaria
521 1028 750 1110 innotuerint,
784 1026 956 1115 Haganum
998 1045 1124 1110 unum,
1162 1029 1300 1094 alterum
1340 1029 1375 1094 in

186 1147 384 1215 bibliotheca
422 1147 467 1214 D.
501 1147 634 1214 Bicrens
669 1147 710 1214 de
744 1146 839 1214 Haan
878 1146 1058 1216 matheseos
1098 1147 1304 1234 professoris,
1339 1151 1375 1215 in

187 1287 328 1353 utroque
350 1287 503 1353 tanquam
526 1269 736 1354 appendicem
757 1271 942 1336 invenimus
965 1290 1165 1358 programma
1188 1269 1372 1353 quoddam,

189 1407 227 1455 ut
251 1407 330 1455 tunc
353 1389 581 1472 loquebantur,
604 1387 643 1454 ad
666 1387 888 1455 Probabilium
906 1390 1068 1454 calculum
1089 1389 1374 1473 pertinens,qu0d

188 1527 222 1576 et
244 1508 349 1595 ipsum
372 1511 523 1594 Spioozae
548 1509 777 1576 vindicandum
799 1509 960 1578 duximus.

233 1645 473 1730 Compendium
517 1646 751 1714 Grammatices
792 1647 929 1737 Linguae
969 1647 1118 1714 Hebraeae
1153 1647 1376 1731 impersedbum

187 1767 310 1834 mendis
333 1770 537 1851 inquinatum
557 1789 626 1834 erat
646 1769 766 1834 nemini
786 1772 840 1835 vel
859 1771 959 1839 tironi
978 1768 1171 1851 tolerandis,
1191 1769 1377 1852 quibusque

189 1890 362 1980 purgandis
393 1892 449 1956 vix
477 1911 608 1957 manum
640 1890 849 1958 admoverant
880 1909 936 1956 aut
966 1890 1086 1957 Paulus
1117 1911 1174 1957 aut
1196 1889 1377 1958 Bruderus.

190 2013 236 2079 Et
271 2033 464 2096 quamquam
495 2013 589 2078 nobis
620 2011 762 2095 constat,
799 2015 962 2080 cultorem
992 2015 1026 2078 in
1058 2014 1142 2078 libro
1177 2013 1377 2079 absolvendo

191 2135 347 2200 nonnulla
377 2155 449 2218 quae
477 2132 643 2220 scrtpfisset
674 2119 869 2202 accuratius⁴
885 2133 1104 2228 expressarum
1130 2132 1247 2216 fuisse,
1269 2150 1378 2199 tamen

191 2256 387 2322 emendanda
417 2259 603 2340 putavimus
633 2279 706 2341 quae
737 2259 791 2324 ille
814 2279 855 2323 ne
877 2257 1055 2324 dormitans
1086 2257 1218 2341 quidem
1240 2255 1378 2322 scribere

190 2376 355 2462 potuisset.
841 2369 848 2386 ⁸

235 2515 398 2582 Volumen
433 2518 613 2584 ornandum
648 2518 832 2584 curavimus
865 2515 1048 2602 philosophi
1083 2517 1244 2605 imagine,
1279 2535 1378 2598 quam

188 2638 284 2722 Juxta
306 2638 449 2704 tabulam
471 2639 587 2721 pifham
618 2637 941 2723 Guelpherbytanam
965 2659 982 2704 e
1005 2637 1093 2704 Petri
1122 2637 1250 2704 Francii
1273 2635 1379 2720 supel-

191 2760 288 2825 lellili
311 2777 525 2843 comparatam
548 2758 716 2845 exsculpsit
740 2760 857 2827 artifex
887 2759 1114 2826 sollertissimus
1137 2759 1173 2826 P.
1193 2759 1223 2846 J.
1247 2758 1379 2824 Arend·

192 2901 263 2946 zcn.
309 2881 431 2946 Eadem
463 2882 573 2946 tabula
603 2881 677 2947 solis
707 2901 768 2966 ope
800 2879 941 2965 expressa
971 2879 1072 2946 exstat
1102 2881 1136 2945 in
1167 2879 1252 2945 libro
1278 2878 1380 2944 modo

191 3001 324 3069 laudato
347 3004 409 3068 viri
432 3001 597 3069 doctissimi
632 3003 832 3070 Martincau.
855 3004 1023 3069 Paulinam
1046 3022 1144 3083 veto,
1167 3022 1264 3084 quam
1287 3021 1378 3066 nunc

190 3126 323 3191 exhibet
357 3123 511 3191 Museum
545 3127 688 3192 civitatis
723 3126 886 3216 Haganae,
920 3146 960 3190 cx
993 3127 1047 3190 illa
1081 3125 1247 3207 aliquanto
1269 3124 1380 3190 minus

190 3247 330 3314 feliciter
353 3244 540 3331 exscriptam
564 3246 626 3312 else
645 3246 793 3333 iudicant
817 3249 894 3313 artis
919 3247 1025 3331 periti.
1060 3247 1211 3332 Figuram
1234 3263 1381 3312 veterem

192 3388 332 3450 aeneam,
353 3389 425 3451 quae
450 3372 483 3435 in
507 3367 700 3453 quibusdam
735 3369 882 3454 Operum
916 3367 1144 3434 Postumorum
1168 3369 1322 3451 exemplis
1345 3387 1380 3434 et

193 3493 226 3556 in
261 3491 345 3556 libro
379 3490 592 3556 Pollockiano
626 3492 811 3572 invenitur,
846 3490 886 3555 ab
921 3489 1031 3556 eadem
1059 3489 1217 3578 originem
1251 3489 1380 3554 trahere

192 3611 397 3690 existimant,
419 3614 568 3679 nonnihil
591 3614 724 3679 mutatis
747 3613 967 3695 lineamentis,
990 3633 1057 3696 quo
1080 3613 1291 3682 maturiorem
1313 3613 1380 3678 viri

191 3753 319 3800 aetatem
343 3751 375 3800 et
399 3751 541 3800 teneram
563 3735 781 3801 valetudinem
803 3737 917 3801 melius
941 3735 1085 3801 referret.
1108 3735 1281 3800 Parvulam
1300 3755 1380 3800 vero

191 3857 346 3941 pisturam
377 3855 582 3937 Gothanam,
612 3879 685 3942 quae
717 3859 865 3946 evulgata
895 3855 942 3922 est
971 3858 1005 3923 in
1036 3857 1272 3940 Supplemento
1295 3856 1380 3921 Am-

191 3975 358 4044 stelodami
380 3999 407 4043 a.
435 3979 530 4044 1862.
551 3978 640 4044 edito
670 3995 703 4044 et
730 3979 764 4043 in
789 3976 946 4061 opusculo
968 3976 1098 4043 Danico
1120 3976 1258 4043 Haraldi
1281 3976 1380 4043 Hoff-

191 4101 269 4188 ding
291 4121 319 4167 c.
345 4118 369 4167 t.
394 4101 538 4187 Spinozas
561 4099 623 4167 Liv
645 4121 685 4190 og
708 4100 794 4166 Lare
823 4097 983 4183 (Havniae
1009 4099 1144 4184 1877.),
1164 4099 1231 4184 jam
1254 4097 1379 4164 constat

192 4241 258 4286 non
281 4220 382 4288 nostri
406 4221 460 4287 scd
491 4220 730 4288 Tschimhauiii
760 4221 827 4288 fere
851 4223 983 4288 vultum
1006 4223 1202 4306 exprimere,
1226 4237 1264 4286 ut
1287 4237 1320 4286 ct
1344 4223 1377 4286 in

191 4343 312 4433 Anglia
345 4343 506 4429 quandam
540 4343 755 4434 Oldenburgii
788 4364 849 4430 pro
879 4345 1030 4428 Spinozae
1064 4343 1202 4431 imagine
1236 4341 1378 4409 habitam
