2926 4896
219 345 257 422 58
611 347 814 424 Epistola
846 347 926 408 XVI.

218 541 283 584 cum
313 525 403 584 multa
434 521 497 599 ejus
528 525 628 584 fraude
659 522 761 598 potius
768 567 777 598 ,
809 541 896 600 quam
927 519 1159 598 existimatione,
1189 540 1236 584 me
1267 538 1406 600 repetere

217 649 316 696 certus
347 633 417 696 sum.
446 634 522 696 Cum
553 637 589 696 de
621 637 661 696 rei
693 633 800 696 summa
831 631 1040 710 consentiatis,
1070 633 1161 696 nolim
1191 635 1254 696 hec
1275 633 1407 696 ulterius

216 765 405 826 exaggerare3
436 747 538 823 potiut
568 747 674 808 author
705 745 806 822 erlem,
838 761 872 806 ut
903 745 1019 824 ingenia
1046 745 1178 826 iungttia
1209 761 1336 824 uterque
1365 748 1407 806 ad

217 857 432 936 Philosophiam
453 857 607 939 genuinam
627 857 806 936 solidamque
827 858 960 920 certatim
981 860 1180 922 excolendam.
1200 860 1247 920 Te
1258 858 1407 935 imprimit

217 989 334 1032 monere
361 971 430 1033 milri
452 972 496 1032 fae
516 969 568 1045 ht,
589 985 623 1032 ut
643 969 786 1046 principia
806 987 900 1032 rerum
921 987 975 1045 pro
996 969 1199 1033 Mathematici
1221 971 1267 1034 tui
1288 970 1406 1050 ingenii

218 1081 349 1143 acumine
370 1081 550 1144 consolidare
571 1099 692 1161 pergat:
714 1082 757 1143 uti
779 1082 915 1144 Nobilem
936 1101 1031 1145 meum
1052 1085 1173 1146 amicum
1191 1084 1406 1164 lloyliumsrne

217 1213 297 1256 mora
317 1193 451 1271 pellicio,
473 1209 505 1256 ut
527 1196 646 1256 eandem
667 1192 873 1269 experimentis
894 1209 925 1254 et
946 1194 1219 1271 observationibus,
1240 1195 1352 1272 pluries
1372 1211 1405 1256 et

216 1323 349 1368 accurate
386 1307 491 1384 latiis,
527 1305 678 1368 confirmet
708 1305 896 1382 illustretque.
939 1305 1048 1382 Vides,
1078 1307 1181 1369 Amice
1212 1306 1404 1382 Chariffime,

216 1419 288 1496 quid
307 1419 424 1494 moliar,
445 1418 516 1496 quid
537 1418 668 1480 ambiam.
689 1418 772 1480 Novi
793 1418 934 1480 nostrates
956 1418 1013 1480 hoc
1034 1417 1064 1479 in
1082 1421 1188 1498 Regno
1200 1417 1405 1495 Philosophus

216 1530 269 1592 suo
289 1530 400 1592 muneri
420 1529 639 1607 experimentali
660 1545 842 1606 nequaquam
864 1528 1036 1606 defuturoa3
1054 1547 1108 1590 nec
1125 1529 1220 1592 minue
1231 1529 1404 1606 persuasum

216 1642 286 1704 mihi
312 1643 426 1719 habeo,
452 1659 483 1703 te
508 1659 630 1720 ¹quoque
657 1640 811 1718 provincia
832 1657 889 1703 tua·
904 1641 1038 1720 gnaviter
1058 1643 1292 1718 perfrtndturum,
1313 1641 1403 1718 quic-

216 1753 286 1831 quid
308 1753 467 1834 ogganniat
494 1755 541 1816 vel
563 1751 730 1814 criminetur
750 1753 808 1816 five
829 1751 1072 1830 Philosophorum
1093 1753 1154 1816 ssve
1174 1753 1403 1833 Theologorum

214 1868 330 1946 varlgua.
371 1865 446 1927 Cum
466 1863 559 1928 literia
579 1865 733 1944 praegreffis
758 1865 817 1942 jam
838 1879 869 1925 te
891 1863 994 1930 fuerim
1015 1863 1148 1940 pluribus
1168 1867 1204 1926 ad
1224 1864 1284 1926 hoc
1303 1862 1404 1940 ipsum

214 1979 366 2054 hortatur,
397 1995 474 2038 nunc
502 1995 547 2037 me
578 1975 720 2052 reprimo,
751 1995 787 2036 ne
815 1974 959 2036 fastidium
987 1973 1042 2036 tibi
1064 1993 1168 2036 creent.
1208 1975 1277 2034 lloc
1297 1973 1402 2036 saltem

215 2103 288 2164 peto
316 2087 455 2162 ulterius,
482 2101 515 2148 ut
544 2105 728 2164 quaecunque
755 2104 856 2147 eorum
885 2083 966 2164 typis
990 2086 1049 2164 jam
1070 2089 1205 2148 mandata
1225 2085 1312 2160 sunt,
1332 2105 1402 2162 quae

216 2202 264 2262 vel
296 2201 326 2260 in
356 2198 515 2261 Cartessum
546 2217 578 2260 ee
609 2213 840 2274 commentatur,
872 2199 920 2262 tel
950 2217 989 2258 cx
1017 2198 1182 2262 intellectus
1210 2197 1255 2259 tui
1286 2197 1403 2260 scriniis

216 2311 341 2388 propriis
373 2309 567 2388 depromlisti,
598 2326 710 2387 quanto
742 2310 828 2372 ocius
858 2309 927 2370 milri
949 2309 1144 2372 transmittere
1166 2328 1217 2385 per
1237 2308 1400 2372 Dominum

215 2423 368 2485 denarium
390 2423 525 2502 dignetie
567 2422 698 2484 Habebis
717 2441 763 2484 me
783 2437 869 2484 tanto
890 2420 996 2484 arthiae
1017 2420 1073 2484 tibi
1093 2420 1400 2497 devinuum,intetli-

214 2534 321 2613 gesque
342 2535 446 2612 quavie
468 2537 535 2596 data
557 2534 725 2612 occasione,
745 2553 791 2596 me
812 2533 868 2598 elle

935 2645 990 2706 Tut'
1014 2644 1239 2727 Sttrdr'ofifflaurm

990 2759 1104 2820 Henn.
1125 2758 1359 2820 Ounauauno.

279 2837 403 2902 Londini,
419 2852 446 2902 4.
464 2837 567 2908 August.
587 2837 659 2900 16⁶³.

484 3175 510 3236 E
533 3193 550 3235 r
572 3194 584 3236 1
607 3193 621 3236 a
644 3193 665 3235 τ
687 3194 707 3236 o
730 3193 749 3236 r.
772 3192 793 3234 n
826 3173 912 3234 xvrt
940 3173 1023 3238 (omn
1041 3172 1122 3237 xxx)-

538 3317 612 3376 Viro
631 3317 787 3397 Dodtffimo
808 3335 842 3376 ac
862 3317 1076 3397 Prudentrffimo

580 3455 755 3516 PETRO
786 3457 1027 3518 BALLING

736 3597 768 3657 B.
791 3615 822 3658 n.
844 3599 872 3658 S.

735 3719 831 3800 Versso
852 3723 875 3780 *.

331 3847 440 3910 Dr'lrdlt
459 3847 556 3907 Antioc
562 3892 572 3924 ,

252 3973 396 4036 Postrema
425 3991 492 4052 tua,
521 3978 569 4036 26.
591 3975 677 4053 elapli
703 3974 822 4052 mensre,
844 3977 874 4038 ni
895 3978 996 4054 fallor,
1017 3977 1141 4056 scripta,
1161 3981 1238 4040 recle
1259 3980 1296 4040 ad
1318 3999 1396 4042 meas

213 4103 314 4146 manue
335 4087 478 4162 pervenit.
519 4089 589 4150 Non
611 4088 717 4168 exigua
739 4107 783 4150 me
805 4107 838 4150 ea
859 4089 973 4152 tiistitia
996 4111 1028 4152 ac
1050 4090 1246 4152 sollicitudine
1279 4092 1396 4168 affecit;

245 4257 258 4286 ·
293 4257 371 4306 llancv
382 4270 433 4307 non
453 4255 585 4334 fecerunt,
603 4257 643 4308 sed
661 4259 692 4310 ab
710 4259 764 4322 ipso
781 4259 891 4324 spinoza
916 4258 1006 4312 faciam
1025 4257 1074 4310 elle
1091 4258 1277 4310 arbitrabantur
1295 4273 1395 4312 veteres

210 4336 338 4400 editores,
356 4339 560 4403 quandoquidem
580 4339 605 4389 in
624 4340 694 4392 Vers.
712 4342 781 4414 Belg.
798 4343 908 4414 margine
926 4341 1015 4396 Latine
1032 4345 1109 4396 verba
1126 4342 1275 4396 allcruntur.
