2926 4896
566 919 656 1095 L.
704 915 789 1098 S.

110 1229 293 1313 Postquam
325 1232 361 1295 in
396 1231 497 1314 priori
536 1231 701 1296 volumine
741 1229 781 1296 de
821 1229 963 1297 universi
998 1232 1104 1316 operis
1140 1232 1266 1297 ratione

67 1351 192 1418 dictum
228 1350 292 1436 est,
327 1351 381 1416 hic
411 1352 478 1436 jam
512 1353 621 1435 paucis
657 1351 903 1418 memorandum
932 1351 1083 1434 videtur,
1113 1373 1185 1434 quae
1206 1352 1266 1416 illo

67 1473 159 1540 edito
184 1477 240 1539 vel
265 1472 479 1556 repererimus
503 1474 556 1538 vel
580 1471 797 1538 censuerimus
820 1472 979 1539 facienda.

110 1595 159 1660 Et
183 1595 330 1678 primum
353 1594 482 1676 quidem
506 1613 524 1659 e
546 1593 706 1661 Leibnitii
737 1593 863 1662 schedis
892 1595 1079 1662 Hanoverae
1102 1593 1266 1661 aii‘ervatis

64 1715 153 1781 forte
190 1715 328 1781 fortuna
362 1713 561 1780 emerserunt
595 1716 698 1782 literae
734 1714 773 1780 ad
807 1714 1037 1800 philosophum
1063 1716 1265 1782 Germanum

65 1835 151 1902 datae
177 1857 197 1902 a
222 1835 268 1902 G.
292 1837 339 1904 H.
362 1836 554 1919 Schullero‚
577 1858 595 1902 e
618 1837 736 1920 quibus
760 1857 826 1904 non
851 1855 979 1904 tantum
1003 1856 1153 1923 apparet,
1177 1839 1264 1904 hunc

65 1956 172 2042 ipsum
217 1957 396 2052 Medicinae
436 1958 614 2024 Doctorem
657 1957 850 2024 adornandis
885 1958 1048 2043 Operibus
1083 1957 1266 2026 Posthumis

69 2101 206 2164 operam
230 2078 320 2146 suam
343 2097 377 2146 et
399 2079 541 2146 studium
563 2078 707 2162 navaffe,
738 2077 792 2145 sed
816 2081 933 2163 etiam,
956 2101 1096 2164 quorum
1119 2082 1266 2146 virorum

70 2203 207 2268 nomina
231 2203 325 2268 amici
348 2203 427 2267 olim
450 2222 490 2267 ex
513 2199 669 2286 Epistolis
696 2201 907 2290 expungenda
934 2202 1164 2289 judicaverint.
1210 2202 1265 2268 Sic

70 2325 158 2390 enirn
183 2322 309 2408 scripsrt
332 2324 387 2389 ille
410 2323 442 2388 d.
470 2344 521 2408 19.
547 2322 614 2407 (N.
638 2323 672 2388 S.
697 2324 772 2410 29.)
796 2343 838 2390 m.
862 2324 981 2391 Martii
1005 2345 1033 2390 a.
1061 2327 1175 2408 1678.:

115 2446 279 2526 „Ultimae
311 2443 491 2532 [epistolae]
516 2467 535 2510 a
558 2446 611 2511 61.
643 2443 744 2526 usque
776 2443 815 2510 ad
846 2446 1040 2528 penultimas
1074 2445 1221 2530 [literas]
1248 2467 1265 2510 a

73 2589 145 2648 „ure
182 2585 217 2634 et
251 2565 503 2632 Tschirnhaufio
532 2564 625 2632 fimul
659 2565 742 2631 datar
777 2583 810 2632 et
845 2565 989 2632 redditae.
1036 2567 1070 2632 S.
1100 2567 1141 2633 de
1169 2566 1266 2634 Vries

74 2707 260 2770 „mercator
282 2707 315 2754 et
337 2685 538 2753 mennonista
557 2689 624 2772 jam
647 2705 722 2753 ante
745 2707 847 2754 annos
870 2689 996 2770 aliquot
1014 2687 1098 2755 obiit
1121 2705 1154 2754 et
1181 2688 1265 2776 lega-

74 2829 167 2892 „tum
194 2829 268 2876 100.
288 2809 505 2894 Imperialium
527 2810 701 2892 quotannis
724 2809 854 2876 authori
880 2809 1009 2894 legavit.
1034 2808 1059 2875 1.
1083 2830 1116 2876 v.
1141 2809 1194 2875 M.
1218 2807 1266 2874 est

75 2933 169 3017 ‚Joh
203 2953 269 2998 van
302 2930 360 2997 der
393 2929 510 3014 Meer,
536 2930 566 3017 J.
587 2930 617 3017 J.
638 2930 749 3020 Jarigh
781 2930 897 3017 Jelles,
931 2949 1070 3015 uterque
1103 2950 1266 2998 mercator

75 3054 203 3136 „adhuc
225 3055 261 3118 in
284 3054 389 3135 vivis,
411 3053 438 3119 Ι.
452 3052 580 3139 O.Joh.
605 3051 750 3136 Oosten‚
775 3054 944 3143 chirurgus
968 3052 1265 3121 Roterodamensts.

75 3173 246 3262 „Epistola
270 3179 322 3260 56.
342 3175 459 3260 scripta
483 3174 530 3242 est
553 3174 592 3241 ad
615 3172 859 3242 Penlionarium
882 3173 947 3242 five
972 3174 1152 3260 Syndicum
1176 3174 1263 3242 Gor-

76 3299 292 3382 „comiensem
316 3297 491 3388 Hugonem
513 3297 653 3379 Buxen,
676 3299 858 3364 mutatione
881 3297 1040 3382 Principis
1063 3297 1201 3364 Auriaci
1224 3297 1265 3362 ab

79 3422 204 3502 „officio
227 3419 289 3488 A0.
313 3441 366 3502 72.
389 3417 579 3504 depolitum.
625 3418 772 3504 Epistola
798 3437 849 3502 50.
873 3419 912 3486 ad
932 3418 962 3505 J.
979 3419 1009 3504 J.
1032 3416 1141 3483 data.”

120 3543 173 3610 De
206 3543 288 3608 civis
323 3541 420 3627 hujus
455 3539 696 3607 Gorcomienlis
731 3542 862 3607 nomine
892 3559 926 3608 et
956 3541 1025 3608 vita
1047 3541 1183 3609 comiter
1205 3561 1265 3607 nos

80 3683 190 3752 rogatu
221 3663 333 3730 nostro
364 3663 515 3746 edocuit,
538 3665 595 3748 qui
618 3664 666 3728 illi
690 3664 818 3730 civitati
840 3663 938 3730 hodie
961 3664 1002 3732 ab
1025 3665 1101 3731 aitis
1124 3663 1190 3748 est,
1212 3667 1265 3732 vir

80 3783 308 3850 honestiffimus
330 3783 387 3850 W.
413 3785 591 3874 Slootweg.
615 3783 816 3852 Nominibus
839 3803 947 3852 autem
971 3785 1066 3851 editis
1086 3785 1263 3852 Christiani

81 3906 221 3995 Hugenii
253 3904 370 3972 addere
400 3925 467 3972 non
497 3905 739 3990 dubitavimus,
761 3907 881 3991 quippe
904 3927 1000 3989 quem
1023 3927 1098 3972 cum
1121 3907 1263 3990 Spinoza

80 4044 142 4093 tam
163 4028 205 4094 de
228 4031 325 4093 rebus
348 4029 465 4112 opticis
488 4049 587 4110 quam
608 4015 840 4113 philosophicis
863 4028 956 4117 egill'e
980 4027 1103 4095 constet
1116 4025 1138 4112 ¹,
1154 4045 1187 4098 et
1203 4031 1265 4100 alia

80 4148 110 4212 in
133 4149 341 4238 autographis
364 4147 714 4216 Amstelodamenlibus
738 4125 877 4216 servata.

114 4350 121 4376 ¹
159 4341 201 4398 Cf.
218 4339 327 4396 &mium
344 4355 367 4396 c.
385 4353 405 4396 t·
422 4343 454 4394 da
471 4341 651 4404 coenulae,
666 4342 715 4396 111.
729 4357 775 4410 pp.
789 4357 842 4430 .²⁵²
860 4341 914 4408 sqq.
973 4315 980 4330 ¹
