2926 4896
196 373 234 442 34
642 355 847 437 Epistola
879 351 928 420 ul.

195 535 216 596 fi
239 535 304 612 quis
327 534 457 609 diceret,
485 536 550 594 duae
579 535 661 594 reciae
683 533 765 594 lineae
787 532 912 610 spatium
934 531 1214 608 comprehendentes
1237 547 1387 594 vocentur

196 649 341 728 figurales.
363 645 392 708 si
411 647 435 706 is
453 664 505 722 per
521 644 626 706 lineam
644 649 749 708 teclam
767 645 904 725 intelligit
925 645 970 722 id,
989 647 1071 722 quod
1090 663 1191 706 omnes
1210 661 1261 720 per
1276 643 1385 704 lineam
1457 693 1458 742 p

196 779 333 838 curvam,
359 775 421 822 tum
449 759 528 820 bona
554 759 594 819 est
616 759 749 820 definitio
772 757 934 836 (perillam
956 774 1028 820 vero
1050 755 1251 818 definitionem
1273 756 1385 817 intelli-

194 886 311 950 geretur
334 871 425 950 figura
447 885 481 930 ut
627 884 678 930 aur
705 868 840 948 ssmiles),
867 871 956 931 modo
978 870 1118 946 quadrata
1140 883 1170 930 et
1191 867 1261 929 alias
1282 868 1385 944 postea

196 998 256 1041 non
277 979 421 1058 intelligar
441 980 556 1058 figuras.
592 979 703 1039 Verum
725 977 746 1036 st
767 995 819 1054 per
839 977 943 1038 lineam
963 977 1108 1056 intelligat
1130 976 1176 1052 id,
1197 979 1280 1054 quod
1302 993 1384 1036 com-

195 1093 322 1155 muniter
341 1092 548 1172 intelligimus,
574 1109 620 1153 res
643 1091 683 1151 est
704 1091 789 1167 plane
811 1089 1067 1168 inconceptibilis,
1093 1089 1221 1166 ideoque
1242 1090 1322 1150 nulla
1343 1087 1385 1149 est

196 1205 339 1267 definitio.
380 1205 454 1288 Quae
488 1203 586 1265 omnia
617 1221 632 1262 a
665 1203 798 1279 Bore110,
830 1202 860 1262 in
892 1201 977 1279 cujus
1008 1202 1153 1263 sententia
1184 1203 1385 1278 ampledienda

194 1317 281 1394 proni
303 1317 384 1390 estis,
405 1317 491 1392 plane
513 1316 746 1377 confunduntur.
787 1315 880 1376 Aliud
907 1317 1071 1392 exemplum
1093 1316 1190 1390 adda,
1209 1313 1240 1376 id
1262 1331 1386 1390 nempe,

195 1433 278 1508 quod
309 1430 338 1490 in
369 1431 426 1490 fine
458 1428 588 1492 adfertis.
631 1426 661 1488 Si
683 1427 777 1489 dicam
810 1445 1045 1504 unamquamque
1078 1427 1262 1488 substantiam
1293 1444 1385 1488 unum

194 1557 308 1603 tantum
335 1541 441 1602 habere
470 1539 662 1615 attributum,
691 1556 768 1599 mera
790 1538 831 1598 est
852 1537 1034 1615 propositio,
1063 1555 1093 1600 et
1115 1554 1183 1617 eget
1205 1538 1384 1599 demonstra·

196 1655 289 1716 tione.
310 1653 340 1714 si
362 1670 433 1717 veto
456 1653 567 1728 dicam,
587 1669 639 1728 per
660 1649 846 1713 substantiam
867 1651 999 1730 intelligo
1017 1651 1064 1727 id,
1083 1655 1164 1730 quod
1186 1668 1246 1712 uno
1267 1667 1383 1712 tantum

196 1767 341 1828 attributo
374 1764 504 1840 constat,
534 1767 614 1824 bona
645 1763 700 1824 erit
733 1763 886 1840 definitio,
918 1767 1007 1826 modo
1028 1765 1129 1840 polita
1150 1765 1230 1825 entia
1251 1764 1385 1840 pluribus

196 1877 346 1940 attributis
376 1876 538 1938 constantia
570 1875 628 1936 alio
661 1874 778 1937 nomine
807 1874 1004 1937 asubstantia
1035 1875 1151 1939 diverso
1183 1874 1385 1955 inligniantur.

196 1992 285 2072 Quod
317 2004 415 2050 autem
447 1987 565 2064 dicitis,
595 2005 641 2049 me
662 2006 723 2049 non
755 1986 974 2061 demonstralle,
1004 1986 1191 2049 substantiam
1220 1987 1294 2066 (live
1316 1989 1384 2066 ens)

196 2103 279 2179 plura
304 2101 411 2163 habere
440 2099 521 2176 polle
550 2100 709 2176 attributa,
738 2101 815 2161 forte
838 2104 874 2162 ad
896 2100 1160 2163 demonstrationes
1182 2101 1318 2163 noluistis
1338 2116 1383 2161 ar-

196 2217 327 2276 tendere.
367 2215 449 2275 Duas
482 2213 558 2274 enirn
591 2213 727 2288 adhibui,
756 2213 846 2290 prima
875 2215 957 2291 quod
985 2213 1058 2274 nihil
1086 2213 1175 2275 nobis
1194 2214 1385 2288 evidentius,

197 2299 283 2405 quam
305 2328 388 2403 quod
409 2327 640 2402 unumquodque
663 2343 714 2386 ens
735 2323 788 2387 sub
810 2325 909 2403 aliquo
928 2327 1073 2388 attributo
1093 2345 1108 2387 a
1128 2327 1215 2388 nobis
1233 2327 1384 2404 concipia-

196 2455 260 2515 tur,
287 2454 318 2500 et
346 2457 406 2515 quo
435 2439 500 2514 plus
529 2437 686 2512 realitatis,
715 2453 766 2499 aut
797 2436 871 2514 elle,
899 2437 1019 2515 aliquod
1042 2457 1093 2500 ens
1114 2439 1221 2516 habet,
1243 2457 1280 2499 eo
1302 2439 1386 2515 plura

196 2551 337 2612 attributa
366 2550 394 2610 ei
420 2549 488 2610 sunt
515 2548 679 2610 tribuenda.
721 2549 810 2609 Unde
832 2565 885 2608 ens
906 2547 1037 2610 absolute
1066 2549 1212 2610 inlinitum
1242 2548 1385 2610 definien-

196 2667 281 2738 dum,
303 2675 360 2723 etc.
386 2663 537 2736 Secunda,
558 2675 589 2721 et
611 2679 697 2737 qaum
719 2677 775 2738 ego
796 2658 960 2736 palmariam
978 2659 1102 2737 J'udico,
1122 2661 1179 2735 est,
1201 2662 1300 2738 quod,
1322 2677 1386 2737 quo

197 2775 279 2850 plura
307 2775 448 2836 attributa
476 2773 563 2834 alicui
591 2772 654 2834 enti
681 2772 799 2850 tribuo,
825 2791 862 2834 eo
885 2773 976 2853 magis
998 2791 1106 2854 cogor,
1127 2773 1180 2850 ipsr
1201 2773 1385 2836 existentiam

196 2886 340 2964 tribuere,
366 2887 423 2948 hoc
452 2885 508 2962 est,
537 2905 573 2946 eo
603 2885 692 2964 tnagis
714 2885 766 2948 sub
788 2885 903 2946 ratione
925 2886 987 2949 veri
1009 2886 1103 2963 ipsum
1123 2886 1280 2964 concipio,
1301 2889 1388 2964 quod

196 2997 281 3072 plane
303 2995 479 3057 contrarium
502 2993 588 3071 esset',
609 2993 629 3054 st
649 3012 705 3073 ego
727 2994 897 3058 Chimaeram
919 3011 971 3057 aut
992 2995 1065 3074 quid
1085 2981 1172 3057 simile
1194 2995 1344 3058 finxiffem.

237 3109 327 3192 Quod
359 3123 455 3168 autem
486 3106 602 3181 dicitis,
632 3124 689 3169 vos
721 3125 781 3168 non
814 3107 969 3184 concipere
1003 3109 1215 3188 cogitationem
1247 3108 1299 3170 nili
1330 3109 1386 3170 sub

197 3219 286 3294 ideis,
307 3218 376 3297 quia
397 3219 517 3280 remotis
539 3219 613 3281 ideis
635 3219 847 3299 cogitationem
869 3220 1035 3296 destruitis,
1055 3224 1143 3283 credo
1161 3221 1193 3282 id
1210 3222 1387 3284 vobiscon-

197 3334 308 3414 ringere
330 3347 505 3410 propterea,
527 3333 698 3408 quoddam
720 3348 794 3406 vos,
815 3349 860 3393 res
882 3330 993 3392 scilicet
1014 3332 1197 3411 cogitantes,
1219 3333 1249 3394 id
1270 3332 1386 3409 facitis,

198 3463 299 3506 omnes
319 3445 428 3507 vestras
450 3443 649 3522 cogitationes
671 3459 700 3504 et
723 3457 886 3520 conceptus
908 3443 1060 3519 seponitis.
1080 3445 1178 3528 Quare
1199 3463 1260 3506 non
1282 3445 1386 3506 mirum

166 3609 169 3616 .
198 3556 255 3631 est,
266 3556 427 3632 quod,ubi
447 3573 549 3616 omnes
566 3555 674 3618 vestras
692 3527 890 3633 cogitationes
907 3554 1091 3632 seposuistis,
1102 3555 1174 3616 nihil
1185 3554 1284 3631 postea
1295 3555 1387 3618 vobis

197 3667 387 3746 cogitandum
418 3686 541 3731 maneat.
573 3669 663 3751 Quod
695 3685 790 3730 autem
823 3669 859 3729 ad
891 3687 949 3729 rem
981 3667 1105 3744 attinet,
1136 3684 1211 3745 puto
1240 3687 1285 3730 me
1314 3669 1387 3730 satis

197 3779 272 3838 clare
302 3794 331 3839 et
358 3779 511 3841 evidenter
538 3779 756 3856 demonstralle,
783 3780 979 3856 intelledtum,
1008 3780 1142 3857 quamvis
1163 3779 1328 3858 inlinitum,
1348 3785 1388 3842 ad

197 3891 340 3952 Naturam
361 3905 541 3966 maturatam,
561 3909 623 3952 non
645 3910 713 3953 vere
735 3893 772 3955 ad
793 3907 978 3954 maturantem
1001 3891 1157 3966 pertinere.
1198 3892 1290 3954 Porro
1312 3893 1386 3970 quid

195 4002 255 4063 hoc
288 4004 325 4063 ad
356 4001 469 4063 tertiam
500 4003 711 4065 Definitionem
743 4003 961 4083 intelligendam
990 4005 1095 4082 faciat,
1125 4007 1255 4068 nondum
1276 4006 1386 4083 video,

197 4134 252 4175 nec
274 4116 361 4176 etiam
384 4134 435 4177 cur
456 4133 489 4176 ea
511 4134 620 4177 moram
650 4115 772 4192 injiciat.
813 4114 878 4191 Ipsa
900 4115 976 4176 enirn
998 4116 1149 4193 definitio,
1170 4133 1205 4179 ut
1226 4117 1333 4194 ipsam,
1355 4120 1387 4180 ni

198 4229 300 4304 fallor,
329 4227 383 4288 tibi
411 4228 535 4304 tradidi,
563 4227 601 4288 src
630 4228 730 4304 sonat,
751 4229 812 4290 Per
826 4227 1022 4307 substantiam
1041 4232 1171 4305 intelligo
1190 4232 1238 4306 id,
1259 4233 1339 4307 quod
1354 4236 1386 4292 in

190 4343 228 4420 se
254 4342 292 4418 est
318 4355 346 4400 et
369 4355 426 4419 prr
440 4343 476 4416 se
503 4344 677 4419 concipitur3
698 4339 749 4400 lroc
769 4341 815 4419 esi,
836 4341 917 4417 crtj'us
936 4355 1081 4421 conceptus
1102 4363 1156 4403 non
1175 4345 1302 4403 inuoluit
1321 4365 1385 4404 can-
