2926 4896
532 371 738 448 Epistola
768 374 820 434 xi.
1234 389 1272 452 37

84 547 163 609 sitisse
194 549 365 624 ostendere,
396 563 466 610 vere
495 545 728 622 Philosophicam
757 546 973 623 perfectamque
1003 546 1079 606 harre
1109 544 1163 607 else
1192 544 1271 607 Nitri

82 658 234 738 Analylin,
256 678 344 737 quam
365 657 528 736 explicare,
548 658 696 737 vulgatam
715 672 746 718 et
763 657 793 718 in
812 656 926 719 Scholia
943 671 1088 734 receptam
1105 661 1141 720 de
1153 657 1266 720 Formis

83 770 326 832 Substantialibus
347 785 378 832 et
399 769 602 853 Qualitatibus
622 769 783 833 doctrinam
803 769 916 831 inlitmo
937 770 998 832 talo
1019 769 1092 848 niti,
1110 768 1271 847 specificas·

82 901 137 959 que
166 899 264 944 terrun
302 880 500 958 differentias,
531 900 606 959 quas
643 897 754 944 vocant
761 927 771 958 ,
802 883 839 943 ad
870 879 995 958 partium
1026 880 1273 961 magnitudinem,

81 1011 206 1071 notum,
235 994 386 1073 quietem,
413 1009 444 1055 et
469 993 553 1056 satum
582 991 665 1071 posse
694 993 837 1056 revocari.
858 994 929 1076 Quo
951 1009 1136 1070 praenotato,
1157 995 1271 1056 duitor

80 1123 165 1181 pono
196 1104 257 1181 ait,
288 1104 530 1182 Experimentum
561 1104 644 1165 suum
676 1106 713 1166 de
743 1104 833 1166 Nitro
866 1104 936 1167 satis
967 1106 1111 1185 superque
1143 1109 1269 1186 docere,

79 1215 155 1278 Nitri
176 1235 290 1294 corpus
312 1215 478 1281 universum
500 1216 531 1278 in
551 1231 668 1294 partes,
690 1235 706 1276 a
727 1216 756 1278 se
777 1216 904 1281 invicem
925 1234 956 1280 et
977 1220 1013 1279 ab
1034 1218 1099 1296 ipso
1121 1234 1189 1282 toto
1211 1218 1270 1282 dis-

80 1345 249 1406 crepantes,
272 1349 326 1408 per
345 1329 485 1410 Analysrn
508 1329 678 1409 Chymicam
700 1329 817 1407 abiisl'e3
838 1330 939 1408 postea
959 1350 1032 1395 vero
1054 1332 1094 1394 ita
1111 1331 1270 1396 rursumex

78 1439 175 1503 iisdem
208 1441 349 1505 codluisl'e
381 1458 412 1504 et
442 1441 653 1522 redintegratas
683 1440 784 1522 fuisse,
806 1459 839 1505 ut
860 1459 960 1521 parum
982 1443 1072 1506 fuerit
1093 1448 1129 1508 de
1149 1445 1270 1522 pristino

76 1557 206 1631 pondere
239 1555 442 1618 desideratum.
482 1556 577 1619 Addit
604 1575 693 1634 vero,
726 1557 755 1617 se
786 1554 955 1634 ostendill'e,
982 1575 1040 1619 retn
1062 1557 1151 1636 ipsam
1172 1559 1214 1620 ita
1235 1559 1264 1620 se

77 1667 202 1745 habete3
224 1671 264 1729 de
285 1666 327 1729 rei
347 1682 444 1729 autem
465 1669 573 1746 modo,
594 1686 680 1745 quern
702 1683 737 1730 tu
756 1667 914 1746 conjectari
934 1669 1061 1747 videris,
1082 1689 1142 1732 non
1165 1671 1272 1752 egisse,

77 1797 128 1839 nec
149 1782 188 1840 de
210 1798 251 1842 eo
273 1780 448 1858 quicquam,
469 1798 535 1842 curn
557 1796 662 1856 preter
683 1779 848 1843 institutum
870 1779 934 1859 ejus
944 1781 1270 1858 fuerit,determinalse.

77 1891 149 1971 Quae
170 1907 207 1953 tu
229 1890 348 1953 interim
368 1893 405 1953 de
426 1893 515 1954 modo
537 1890 698 1968 supponis,
720 1895 860 1970 quodque
882 1893 921 1954 sal
939 1892 1019 1955 Nitri
1029 1895 1119 1957 finum
1130 1912 1270 1974 tanquam

76 2003 162 2063 seces
193 2001 262 2080 ejus
295 2002 479 2080 consideras,
509 2019 673 2082 caeteraque
705 2003 792 2080 talia,
823 2023 857 2067 ea
889 2024 905 2065 a
934 2021 964 2066 te
992 2005 1082 2086 gratis
1110 2007 1187 2070 dista
1216 2027 1269 2070 nec

79 2117 202 2190 probata
236 2115 410 2192 arbitratum
442 2119 583 2194 quodque
611 2136 628 2177 a
656 2133 686 2178 te
714 2117 850 2195 affertur,
871 2118 923 2180 has
943 2119 1048 2196 feces,
1070 2119 1130 2184 live
1149 2120 1209 2183 hoc
1229 2120 1269 2184 sal

78 2228 183 2305 finum,
217 2241 335 2288 meatus
364 2229 471 2290 habere
503 2230 540 2290 ad
572 2229 730 2292 mensuram
761 2230 968 2308 particulatam
989 2231 1068 2293 Nitri
1091 2249 1269 2312 excavatas,

78 2339 151 2401 circa
182 2340 215 2401 id
248 2355 337 2402 notat
368 2341 481 2404 Auctor
508 2341 622 2419 noster,
642 2341 727 2405 salem
749 2343 877 2405 cinerum
899 2345 1117 2408 clavellatorum
1139 2319 1269 2427 (Belgica

75 2451 211 2532 purasrlr)
245 2469 312 2513 cum
343 2450 445 2528 spiritu
475 2452 554 2515 Nitri
586 2453 703 2516 Nitrum
736 2473 820 2532 aeque
852 2455 1045 2534 constituere,
1074 2475 1108 2517 ac
1129 2457 1270 2534 Spiritum

77 2562 155 2625 Nitti
178 2583 248 2626 cum
269 2564 391 2641 proprio
413 2565 466 2628 suo
487 2564 545 2627 sale
567 2567 646 2629 fixo:
668 2570 758 2630 Unde
779 2568 891 2647 liquere
913 2585 1016 2646 putat,
1037 2568 1139 2632 similes
1150 2570 1270 2647 reperiri

78 2695 167 2751 poros
190 2676 222 2738 in
245 2675 389 2754 ejusmodi
410 2678 601 2756 corporibus,
623 2681 701 2741 unde
721 2680 833 2742 Nitrost
854 2681 980 2758 Spiritus
991 2701 1052 2744 non
1064 2685 1269 2746 extruduntur.

77 2792 139 2851 Nec
162 2791 252 2854 videt
273 2793 403 2868 Austor,
426 2790 502 2853 illam
522 2791 650 2854 materiae
671 2790 872 2871 subtiliffimae,
893 2812 979 2872 quam
997 2793 1135 2872 adstruis,
1153 2797 1269 2857 necessr-

77 2917 166 2964 tatem
188 2922 229 2965 en
250 2903 318 2964 ullis
345 2903 550 2966 Phaenomenis
580 2905 751 2982 probatam
772 2906 821 2968 sed
842 2924 880 2966 ex
902 2905 962 2968 sola
983 2907 1070 2970 vacui
1091 2907 1268 2984 impossibili·

78 3014 147 3075 tatia
166 3014 338 3094 Hypotheli
358 3013 537 3092 assumptam.

115 3128 193 3208 Quae
222 3130 260 3189 de
288 3127 380 3189 causas
407 3127 580 3191 differentiae
608 3129 720 3207 saporis
741 3131 817 3192 inter
838 3130 978 3209 Spiritum
998 3132 1078 3194 Nitti
1100 3148 1130 3194 et
1150 3131 1268 3194 Nitrum

78 3238 169 3314 ipsum
193 3237 320 3316 disseris,
342 3239 425 3302 serite
447 3238 477 3301 se
498 3242 613 3304 Auctor
634 3257 738 3322 negat3
760 3246 842 3321 quod
863 3260 936 3308 vero
957 3245 994 3306 de
1011 3244 1091 3306 Nitri
1108 3245 1266 3306 inflamma-

77 3349 194 3411 bilitate
222 3366 254 3412 et
280 3349 406 3428 Spiritus
427 3351 507 3413 Nitri
528 3353 658 3431 ἀφλογίᾳ
682 3354 792 3431 tradis,
814 3356 935 3419 Cartesti
957 3358 994 3418 de
1015 3358 1085 3436 lgne
1106 3356 1266 3419 dodanam

79 3463 244 3540 supponere
266 3463 324 3540 ait,
346 3483 432 3542 quam
453 3464 504 3526 fibi
526 3469 651 3528 necdum
673 3467 842 3529 satisfecisse
864 3457 994 3531 testatur.

116 3576 211 3658 Quod
237 3578 275 3638 ad
303 3577 513 3653 Experimenta
541 3578 668 3656 speetat,
697 3579 806 3656 quibus
828 3596 908 3643 tuam
930 3581 1116 3643 Phaenomeni
1138 3581 1266 3659 explica·

79 3687 190 3748 tionem
219 3688 404 3764 comprobari
432 3704 537 3766 putam
565 3689 722 3767 respondet
743 3694 873 3770 Auster,
893 3692 1008 3769 primo,
1028 3691 1166 3768 Spiritum
1187 3693 1268 3756 Nitri

79 3799 197 3860 Nitrum
226 3800 344 3878 quidem
375 3800 431 3862 else
460 3801 664 3879 materialiter,
686 3805 845 3866 formaliter
866 3823 1066 3883 nequaquam,
1086 3825 1152 3868 cum
1173 3807 1267 3883 quali-

80 3911 192 3973 tatibus
212 3928 244 3973 et
264 3913 426 3977 virtutibus
448 3933 534 3992 quarn
563 3916 687 3977 maxime
708 3915 862 3993 differant,
883 3916 987 3995 sapore
1010 3917 1136 3996 scilicet,
1158 3921 1266 3996 odore,

81 4024 277 4102 volaulitate,
298 4027 433 4102 potentia
455 4027 587 4090 solvendi
610 4029 741 4105 metalla,
764 4031 878 4091 colores
889 4030 1098 4110 vegetabilium
1119 4033 1266 4110 mutandi,

80 4150 136 4197 etc.
177 4139 332 4214 Secundo,
362 4140 444 4216 quod
476 4139 555 4201 coire
587 4139 630 4201 ais
660 4139 820 4218 particulas
851 4141 989 4220 quasdam
1010 4141 1118 4204 sursum
1139 4143 1214 4205 latas
1235 4144 1265 4205 in

80 4245 236 4326 Crystallos
256 4249 352 4327 Nitti,
373 4249 403 4311 id
424 4269 461 4312 ex
482 4269 519 4312 eo
539 4251 601 4312 fieri
623 4251 740 4329 statuit,
760 4257 841 4330 quod
861 4271 960 4333 partes
980 4255 1097 4316 nitrosae
1119 4274 1177 4317 una
1199 4275 1264 4318 cum

81 4360 191 4440 Spiritu
210 4363 289 4426 Nitri
310 4382 362 4445 per
381 4362 724 4449 ignemprotruduntur,
744 4370 989 4444 quemadmodum
1004 4367 1034 4429 in
1049 4365 1172 4455 iuligine
1194 4386 1265 4436 con·
