2916 4902
504 341 710 418 Epistola
740 339 807 402 xv.

457 515 846 578 EeraaoanXV.

344 677 394 738 rr.
422 673 707 738 uuuovtco
740 675 955 754 aneao

576 837 606 897 s.
631 835 663 898 Ρ.
689 837 727 896 u.

505 999 536 1056 B.
567 997 618 1058 Dr
649 997 806 1057 Sarnoza.

196 1157 344 1210 Eschedis
366 1154 481 1209 Vidlor'm
503 1157 594 1208 Coulm
619 1157 682 1206 hanc
705 1156 860 1220 depromplit
884 1157 957 1207 Fred.
980 1157 1101 1209 l’ollock:

432 1239 555 1304 Spinoza,
572 1239 655 1290 Lond.
676 1241 754 1300 1380,
771 1255 798 1303 p·
814 1241 874 1301 448.

169 1399 271 1460 Amice
293 1399 463 1480 suauiffime

95 1545 298 1605 l’raefationem
309 1587 321 1618 ,
342 1559 429 1619 quam
449 1540 517 1602 milri
539 1558 591 1616 per
612 1540 735 1602 amicum
757 1540 884 1602 nostrum
906 1543 943 1603 de
964 1543 1052 1604 Vriea
1073 1542 1184 1620 misisti,
1206 1562 1243 1606 en

62 1653 109 1714 tibi
128 1673 176 1730 per
196 1657 329 1716 eundem
351 1651 479 1714 remitto.
501 1653 613 1727 Pauca,
635 1667 667 1714 ut
689 1649 749 1728 ipse
771 1651 903 1729 videbis,
925 1653 955 1714 in
977 1653 1103 1733 margine
1125 1655 1242 1731 notavi,

61 1765 102 1825 sed
118 1767 212 1828 adhuc
232 1783 334 1842 pauca
354 1763 521 1840 supersunt,
543 1783 609 1841 quae
632 1764 686 1825 tibi
707 1763 877 1840 perlitatae
897 1763 1055 1844 lignilicare
1079 1765 1243 1828 consultiua

62 1877 132 1938 duri.
169 1879 290 1954 Nempe
316 1893 342 1937 1.
365 1876 414 1938 ubi
436 1890 501 1956 pag.
521 1897 542 1956 4
560 1855 696 1938 ledonem
717 1895 838 1953 monet,
855 1895 913 1954 qua
934 1877 1242 1954 occanonetprimam

62 2005 160 2062 partem
191 1987 430 2066 composuerim,
463 1989 565 2051 uellem
594 2005 628 2049 ut
648 1988 729 2049 ssmul
749 1987 808 2064 ibi,
829 2003 880 2050 aut
903 1988 954 2050 ubi
975 1989 1134 2066 placuerit,
1156 1988 1243 2051 etiam

63 2119 197 2176 moneret,
214 2120 262 2162 me
286 2119 351 2161 eam
372 2099 448 2160 intra
468 2102 541 2161 duaa
560 2099 758 2162 hebdomadae
778 2099 979 2176 composuill'e.
997 2103 1055 2162 laoc
1073 2101 1149 2163 enim
1168 2120 1241 2178 prae·

64 2212 165 2273 monito
198 2230 290 2273 nemo
324 2211 462 2288 putabit,
491 2211 554 2272 haec
586 2214 661 2273 adeo
692 2213 766 2274 clare
798 2213 944 2290 proponi,
974 2228 1007 2275 ut
1039 2231 1104 2290 quae
1136 2213 1242 2274 clarius

65 2325 190 2399 explicari
211 2345 276 2387 non
307 2323 439 2402 pollent,
467 2326 602 2401 adeoque
630 2326 753 2387 verbulo
775 2341 835 2386 uno
857 2339 908 2385 aut
929 2326 1039 2401 altero,
1059 2328 1141 2403 quod
1163 2327 1241 2388 forte

63 2432 103 2494 hic
129 2435 186 2496 illic
214 2435 376 2498 obscurum
398 2433 550 2498 offendent
570 2436 602 2510 *,
629 2454 690 2497 non
711 2435 873 2497 haerebunt.
904 2435 943 2498 α’.
965 2437 1069 2498 vellem
1091 2454 1241 2514 moneres,

63 2561 100 2604 ne
119 2549 205 2608 multa
226 2547 290 2608 alio
313 2548 403 2608 modo
424 2565 508 2623 quam
530 2565 546 2608 a
568 2546 698 2608 Cartesto
731 2547 924 2609 demonstrata
945 2548 1012 2609 sunt
1033 2549 1242 2628 demonstrare,

65 2673 114 2716 nou
144 2673 176 2718 ut
207 2656 373 2720 Cartellum
405 2657 562 2737 corrigam,
593 2657 642 2720 scd
673 2673 788 2720 tantum
816 2673 851 2720 ut
872 2677 967 2721 meum
989 2660 1119 2722 ordinem
1139 2661 1242 2724 melius

64 2766 204 2845 retineam,
226 2785 258 2831 et
281 2787 433 2830 numentm
453 2768 631 2832 axiomatum
652 2787 711 2830 non
734 2769 775 2830 ita
797 2787 939 2848 augerem.
970 2788 1001 2833 et
1019 2773 1074 2834 hac
1096 2773 1182 2834 etiam
1203 2777 1241 2836 de

65 2879 137 2938 cansa
162 2883 271 2958 multa,
301 2899 366 2958 qua
394 2900 410 2942 a
440 2879 570 2942 Cartelio
598 2882 676 2942 nudo
702 2880 760 2943 stne
786 2881 840 2942 ulla
864 2883 1108 2946 demonstratione
1129 2903 1241 2962 propo-

64 3007 176 3069 nuntur,
214 2993 429 3068 demonstrare,
460 3008 491 3053 et
523 2993 594 3070 alia,
633 3011 699 3070 quae
731 2993 876 3056 Cartelrus
907 2995 987 3056 missa
1017 2997 1104 3074 fecit,
1135 3001 1241 3061 addere

64 3105 186 3166 debuille.
207 3107 341 3182 denique
362 3105 515 3166 enixilllmc
536 3120 567 3168 te
588 3123 689 3185 rogare
711 3107 801 3184 volo,
821 3107 911 3169 amice
931 3107 1103 3187 charilllme,
1123 3109 1242 3188 utilia,

65 3233 120 3290 quae
145 3217 174 3280 in
200 3220 259 3283 line
290 3217 437 3294 scripuli,
465 3219 495 3280 in
523 3217 603 3283 illum
631 3219 840 3282 homunculum
869 3218 947 3282 milla
970 3222 1099 3298 faceret,
1120 3221 1240 3299 ipsaque

65 3329 168 3399 prorsus
189 3331 314 3392 deleres.
336 3328 377 3389 Et
397 3329 530 3406 quamvis
551 3332 589 3391 ad
608 3329 666 3390 hoc
688 3345 719 3390 te
740 3333 902 3410 rogandum
922 3333 1020 3394 multae
1038 3351 1083 3394 me
1100 3347 1240 3399 moveant

65 3437 198 3516 rationes,
229 3460 318 3504 unam
350 3456 463 3503 tantum
494 3444 628 3518 reddam3
658 3443 762 3506 vellem
795 3443 871 3504 enim
878 3486 888 3519 ,
910 3459 943 3506 ut
965 3462 1065 3506 omnes
1085 3444 1137 3506 sabi
1155 3445 1240 3508 facile

66 3551 222 3621 persuadere
242 3555 368 3630 pollint,
387 3551 449 3614 haec
469 3552 499 3615 in
520 3552 650 3616 omnium
671 3552 822 3619 hominum
843 3553 963 3632 gratiam
985 3555 1132 3635 evulgari,
1148 3571 1237 3634 teque

68 3658 91 3718 in
117 3661 171 3723 hoc
200 3664 302 3726 libello
335 3666 449 3726 edendo
482 3665 544 3727 solo
576 3665 709 3728 veritatis
740 3669 937 3746 propagandae
969 3667 1109 3732 deiiderio
1129 3672 1239 3749 teneri,

68 3789 145 3849 reque
170 3779 244 3838 adeo
274 3777 400 3838 maxime
430 3768 600 3854 curare,'ut
621 3777 678 3838 hoc
700 3780 875 3855 opusculum
897 3779 1034 3842 omnibus
1053 3798 1166 3862 gratum
1188 3783 1240 3860 lit,

68 3883 244 3966 hominesque
276 3892 314 3952 ad
345 3907 421 3952 vetae
453 3889 644 3966 philosophiae
677 3889 801 3952 studium
832 3892 977 3956 benevole
999 3911 1088 3972 atque
1110 3897 1238 3976 benigne

69 3993 179 4060 invitare
199 4001 389 4078 omniumque
411 4001 532 4066 utilitati
553 4003 674 4066 studere.
697 4006 778 4080 quod
798 4003 884 4068 facile
903 4005 1100 4086 unusquisque
1121 4011 1239 4086 credet,

100 4259 110 4286 ⁸
141 4261 167 4310 ln
184 4265 341 4331 autographo
359 4265 468 4330 ocafione
484 4277 510 4316 et
527 4265 649 4331 ofendent
667 4267 798 4334 leguntur,
814 4282 870 4331 quae
884 4265 998 4318 suntviri
1012 4265 1145 4331 Hispaniae
1159 4265 1238 4319 docti.

72 4337 154 4392 ὒοιιιι
170 4343 193 4395 ἰιι
212 4361 276 4398 voce
293 4345 451 4414 promiserat
468 4348 510 4414 (p.
528 4349 575 4416 56)
594 4349 666 4400 litera
679 4350 700 4417 f
713 4363 843 4416 perperam
860 4349 986 4418 duplicata
1002 4349 1047 4406 est·
