2926 4896
495 387 701 473 Epistola
733 387 784 458 IX.
1196 403 1232 471 33

41 571 179 633 diuturna
202 586 252 632 tua
274 570 408 632 absentia
429 572 547 634 molesta
569 572 644 650 fuit,
665 571 782 634 interim
804 585 900 632 tamen
922 573 1037 651 gaudeo
1059 573 1143 648 quod
1163 589 1233 632 meae

41 682 303 745 lucubratiuncula
324 682 381 743 tibi
401 682 563 762 nostrisque
585 682 686 746 amicir
706 682 771 744 usui
794 681 857 744 lint.
878 681 926 744 Sic
945 681 1021 744 enirn
1041 683 1110 743 dum
1128 681 1235 743 abestis

44 796 145 856 absens
166 795 256 859 vobis
275 797 394 874 loquor.
434 795 499 858 Nec
519 796 562 857 est
582 799 665 874 quod
685 795 813 857 rascatio
838 794 990 871 invideat,
1010 795 1109 857 nullus
1130 813 1233 871 nempe

47 905 115 968 milti
136 907 228 987 magia
249 907 387 984 odiosus,
408 925 462 969 nec
483 927 500 970 a
522 925 584 986 quo
606 907 697 987 magis
719 925 823 970 cavere
844 907 963 984 curavi,
985 923 1071 984 quam
1093 908 1130 968 ab
1151 905 1235 983 iplo;

46 1019 233 1094 quamobrem
262 1035 293 1082 te
321 1018 480 1098 omnesque
508 1034 600 1081 notor
627 1019 759 1081 monitor
787 1019 891 1083 vellem
919 1035 956 1080 ne
984 1017 1037 1095 ipfi
1065 1035 1144 1080 meas
1170 1017 1235 1094 opi·

44 1129 149 1190 niones
168 1130 396 1192 communicetis
410 1130 461 1192 nifi
478 1129 528 1192 ubi
545 1133 582 1193 ad
598 1130 784 1192 maturiorem
806 1145 922 1192 aetatem
944 1128 1120 1206 pervenerit.
1140 1127 1236 1190 Nimia

45 1241 138 1302 adbuc
159 1242 203 1302 eli
224 1261 299 1318 puer
317 1261 419 1320 parum
437 1258 467 1305 et
485 1242 539 1304 fibi
559 1243 704 1306 constans.
724 1257 754 1304 et
775 1242 866 1322 magia
887 1241 1032 1306 novitatis
1052 1260 1139 1320 quam
1160 1239 1236 1304 veri·

45 1353 113 1413 tatia
144 1351 304 1415 studiosus.
344 1355 455 1416 Verum
485 1353 610 1432 puerilia
640 1355 703 1416 ltaec
732 1354 805 1418 vitia
825 1352 919 1430 ipsum
941 1355 1043 1431 paucit
1064 1352 1131 1430 post
1152 1351 1236 1414 annia

48 1467 267 1527 emendaturum
288 1465 389 1544 spero,
410 1465 487 1544 imo,
506 1481 650 1545 quantum
662 1467 801 1543 exiplius
821 1465 941 1546 ingenio
959 1465 1092 1543 judicare
1109 1461 1237 1542 potrum,

48 1577 102 1638 iere
124 1597 180 1654 pro
204 1594 289 1640 certo
309 1577 417 1641 babeo.
437 1597 527 1656 quate
549 1577 613 1655 ejus
633 1578 750 1640 indolet
769 1595 814 1640 me
836 1595 902 1640 eum
923 1593 1016 1638 amare
1036 1570 1160 1658 monem]

83 1691 175 1772 Quod
205 1694 243 1754 ad
271 1691 449 1769 quaellioner
476 1691 506 1754 in
535 1690 661 1771 collegio
689 1690 785 1754 vestro
814 1689 899 1770 (satie
920 1687 1066 1766 sapienter
1086 1686 1236 1765 instituto)

48 1803 215 1880 propofitas
254 1805 372 1866 attinet.
423 1805 523 1868 Video
561 1821 619 1867 vor
649 1803 686 1864 iia
717 1803 846 1879 harere,
876 1817 1032 1880 propterea
1063 1803 1145 1879 quod
1176 1816 1238 1860 non

50 1915 228 1997 distinguitis
248 1917 326 1979 inter
345 1935 451 1998 genera
472 1916 689 1980 definitionum.
717 1919 831 1993 Nempe
852 1915 930 1978 inter
950 1914 1150 1977 definitionem
1171 1930 1237 1991 quae

49 2027 167 2092 inservit
189 2032 228 2092 ad
249 2047 307 2092 rem
328 2029 414 2108 cujus
435 2029 554 2092 essentia
575 2045 690 2093 tantum
712 2029 862 2108 quaerintr,
883 2045 914 2092 et
935 2029 971 2092 de
993 2047 1052 2107 qua
1072 2028 1134 2091 sola
1151 2025 1237 2090 dubi·

49 2157 141 2219 tenu,
162 2142 385 2222 explicandam
413 2159 444 2206 et
471 2142 549 2206 inter
575 2143 778 2206 definitionem
799 2161 866 2221 quae
886 2158 922 2204 ut
942 2143 1035 2204 solum
1056 2140 1240 2204 examinetur

50 2253 235 2330 proponitur.
256 2255 309 2316 illa
330 2255 423 2332 enim,
444 2255 513 2333 quia
533 2255 758 2318 determinatum
779 2255 870 2317 habet
891 2254 1134 2332 objectumvera
1149 2253 1240 2314 debet

49 2363 117 2442 else,
138 2365 203 2427 baec
226 2384 298 2431 vero
319 2385 381 2428 non
401 2365 499 2428 refert.
526 2367 583 2428 Ex.
605 2385 646 2446 gt.
668 2366 688 2427 fi
710 2367 777 2446 quie
806 2366 907 2444 templi
936 2364 1100 2428 Salomonis
1130 2362 1236 2432 descri-

51 2475 180 2550 ptionem
214 2496 259 2540 me
290 2493 394 2558 roget,
424 2477 478 2556 ipfi
508 2495 606 2541 veram
627 2478 731 2557 templi
751 2477 978 2556 descriptionem
1007 2478 1120 2539 tradere
1142 2477 1237 2539 debeo

51 2587 100 2648 nifi
120 2589 238 2666 cupiam
258 2608 327 2652 cum
348 2589 412 2667 ipso
433 2590 549 2670 garrire.
590 2593 647 2653 Sed
667 2589 688 2652 fi
710 2609 767 2671 ego
788 2591 927 2667 templum
946 2587 1068 2667 aliquod
1089 2587 1119 2648 in
1140 2603 1238 2648 mente

50 2701 248 2779 concinnavi,
279 2705 364 2780 quod
395 2702 537 2765 adificare
568 2702 676 2780 cupio;
697 2721 735 2764 ex
756 2701 841 2780 cujus
861 2700 1058 2778 descriptione
1089 2701 1237 2762 concludo

51 2831 93 2874 me
123 2816 213 2877 talem
242 2817 385 2892 fundum,
416 2831 523 2894 totque
554 2814 642 2876 millia
672 2814 819 2892 lapidum,
839 2813 1022 2890 aliorumque
1043 2810 1237 2874 materialium

52 2941 141 2986 emere
170 2929 298 3004 debere3
327 2946 365 2988 an
392 2926 499 3005 aliquis
518 2925 594 2988 sana
614 2925 721 2988 mentia
741 2925 813 2987 mihi
834 2925 932 3003 dicet,
952 2943 997 2986 me
1019 2924 1092 2986 male
1113 2924 1234 2984 conclu-

52 3033 126 3114 filie,
157 3056 195 3100 ex
228 3057 265 3100 eo
296 3041 380 3116 quod
410 3039 488 3100 forte
518 3038 616 3100 filiam
637 3037 758 3100 adhibui
779 3037 1006 3100 definitionem?
1027 3038 1076 3101 vel
1095 3034 1238 3113 aliquisa

53 3167 95 3209 me
123 3148 223 3230 exiget
230 3196 240 3228 ,
267 3166 303 3213 ut
330 3169 422 3213 meam
443 3150 646 3214 definitionem
668 3149 814 3228 probem?
835 3151 864 3212 Ie
886 3149 953 3212 sanc
975 3147 1047 3210 nihil
1068 3147 1148 3210 aliud
1169 3145 1239 3208 mihi

53 3261 137 3340 dicit,
169 3281 257 3340 quam
290 3266 373 3344 quod
405 3264 452 3342 id,
484 3266 568 3342 quod
599 3263 802 3340 conceperim,
833 3280 894 3324 non
926 3257 1130 3336 conceperim,
1151 3257 1237 3321 vela

53 3391 95 3434 me
121 3373 240 3456 exiget,
267 3391 301 3438 ut
329 3375 376 3452 id,
405 3379 488 3454 quod
517 3375 721 3454 conceperim,
742 3378 865 3453 probem
886 3391 931 3436 me
953 3367 1136 3448 concepilie,
1156 3370 1239 3446 quod

56 3488 134 3560 plane
166 3487 209 3550 est
239 3488 351 3568 nugati.
392 3489 490 3572 Quare
522 3487 656 3552 definitio
677 3489 726 3551 vel
753 3487 883 3564 explicat
904 3502 964 3547 rem
983 3498 1075 3562 prout
1095 3481 1136 3543 est
1157 3496 1239 3543 extra

57 3595 249 3676 intelledium;
275 3617 306 3662 et
334 3617 395 3664 tum
417 3617 487 3665 vera
508 3603 598 3663 debet
618 3597 691 3678 elie,
710 3615 741 3661 er
761 3620 777 3661 a
799 3596 1003 3677 propofitione
1024 3597 1073 3660 vel
1092 3593 1239 3656 axiomate

59 3728 112 3772 non
133 3711 251 3789 differt,
272 3713 323 3774 trist
346 3715 429 3792 quod
449 3712 498 3774 illa
518 3727 633 3775 tanturn
655 3712 730 3774 circa
752 3729 864 3788 rerum,
891 3725 1023 3772 rerumve
1053 3705 1239 3770 affectionum

61 3821 187 3887 elientias
210 3824 357 3904 versatur,
377 3827 435 3889 boc
456 3845 529 3891 vero
549 3825 656 3903 latius,
676 3842 780 3902 nempe
801 3826 838 3887 ad
861 3819 1137 3885 aeternarvetitatca
1151 3819 1239 3880 etiam

61 3932 85 3993 le
103 3938 264 4015 ertendct;
283 3939 342 4000 Vel
363 3937 435 4016 (Ed.
456 3940 512 4000 Pr.
532 3939 633 4000 addite
652 3937 796 4016 explicat)
817 3955 892 4013 tem,
914 3948 1004 4012 prout
1022 3951 1039 3994 a
1058 3931 1145 3996 nobie
1166 3949 1238 3993 con·

62 4046 161 4123 cipitur
181 4051 232 4114 vel
252 4049 373 4128 concipi
393 4051 509 4129 potell;
530 4065 651 4129 tumque
672 4051 702 4112 itr
724 4067 762 4112 eo
783 4049 872 4112 etiam
892 4045 992 4110 differt
1001 4047 1038 4107 ab
1049 4045 1198 4106 axiomate
1208 4059 1240 4104 et

64 4161 275 4241 propofitione,
296 4165 379 4242 quod
400 4182 460 4226 non
482 4164 591 4244 exigit,
612 4162 664 4224 nifi
686 4177 719 4224 ut
742 4159 928 4238 concipiatur
948 4157 1097 4236 absolute,
1121 4174 1182 4218 non
1206 4170 1240 4217 ut

65 4271 171 4337 rxionm
202 4275 256 4338 sub
288 4275 401 4338 tutione
432 4276 505 4340 veti.
546 4277 645 4359 Quare
676 4276 750 4337 mala
781 4271 917 4338 definitio
945 4269 992 4334 illa
1013 4270 1071 4348 est,
1092 4287 1158 4348 qure
1179 4285 1239 4330 non

66 4386 232 4464 concipitur.
273 4389 365 4474 Quod
385 4405 419 4452 ut
441 4389 637 4469 intelligatur,
657 4387 764 4451 Borelli
785 4387 950 4463 exemplum
972 4383 1094 4461 capiam.
1124 4383 1239 4458 Nempe

153 4484 177 4537 ll
1124 4491 1139 4538 ³
