2926 4896
518 366 722 442 Epistola
753 365 807 428 VI.
1218 387 1254 432 αι

59 539 212 602 nuendum.
255 540 319 602 Hic
350 543 454 618 addo,
483 559 587 620 aquam
608 559 708 618 puram
731 561 792 604 non
814 544 889 604 adeo
912 543 996 604 facile
1017 543 1147 620 solvere,
1168 559 1257 622 atque

59 655 148 714 laxare
168 650 250 729 poffe
273 653 311 732 a)
336 669 443 730 partes
464 655 552 716 lixas:
574 656 672 737 Quare
683 655 715 732 b)
738 671 798 716 non
819 654 921 717 mirum
943 655 1001 732 est,
1021 657 1104 733 quod
1125 675 1163 721 ex
1183 655 1256 722 affu-

60 765 133 826 smne
151 763 282 841 Spiritus
304 765 393 828 Nitri
415 767 446 828 in
468 765 644 830 solutionem
666 767 732 828 salis
753 767 835 830 istius
856 768 908 832 lixi
929 767 959 830 in
983 787 1059 846 aqua
1081 766 1210 830 dissoluti
1227 768 1256 848 c)

59 877 119 938 talia
144 878 304 954 ebullitio,
340 863 463 956 dualem
491 879 547 940 Vir
574 878 747 940 Clarillimus
780 877 808 960 §.
836 897 885 959 24.
914 879 1037 955 recitat,
1064 879 1175 942 otiatur
1202 881 1258 958 d);

59 989 113 1052 imo
141 1005 237 1067 puto,
268 991 353 1054 banc
391 991 593 1054 ebullitionem
625 991 813 1054 fervidiorem
845 993 931 1069 sore,
962 1011 1048 1071 quam
1080 992 1100 1054 li
1131 992 1257 1070 Spiritus

58 1104 130 1166 Nini
149 1103 200 1166 sali
222 1106 289 1166 fixo
317 1105 423 1166 adbuc
444 1104 556 1168 intaiio
577 1103 770 1168 instillaretur.
810 1105 887 1166 Nam
909 1105 938 1166 in
960 1124 1035 1183 aqua
1057 1105 1087 1168 in
1108 1103 1257 1168 minutiss-

58 1237 113 1278 maa
137 1219 305 1280 moleculas
334 1217 519 1294 dissolvitur,
548 1236 614 1295 quae
636 1217 751 1280 facilius
773 1215 867 1280 dirimi
890 1233 979 1296 atque
1000 1217 1121 1282 liberius
1145 1218 1258 1283 moveri

58 1329 185 1406 possunt,
217 1349 313 1408 quam
348 1349 418 1392 cum
450 1347 551 1392 omnes
582 1344 680 1406 partes
702 1329 767 1390 salis
788 1331 816 1410 e)
840 1327 891 1392 libi
912 1329 1039 1394 invicem
1063 1329 1261 1406 incumbunt,

59 1461 141 1521 atque
161 1443 290 1506 firmiter
313 1443 477 1506 adhaerent.

94 1555 120 1637 S.
140 1559 190 1620 πό.
233 1558 285 1618 De
316 1556 425 1633 sapore
453 1554 581 1632 Spiritus
609 1556 684 1620 acidi
707 1557 766 1634 jam
787 1556 908 1618 locutus
929 1555 1007 1634 sum;
1025 1573 1114 1634 quare
1136 1555 1258 1618 desolo

58 1667 134 1728 alcab
164 1668 337 1730 dicendum
370 1665 465 1727 restat.
513 1666 548 1726 id
580 1683 648 1728 cum
677 1665 857 1742 imponerem
888 1665 996 1746 lingum
1020 1665 1082 1745 s),
1112 1667 1257 1743 calorem,

58 1797 140 1856 quem
160 1778 344 1857 punning)
368 1777 560 1854 sequebatur,
580 1776 749 1840 sentiebam.
769 1779 862 1860 Quod
882 1777 951 1838 mihi
974 1777 1257 1858 indicat,n)quod-

59 1893 118 1950 dam
139 1909 237 1971 gertus
260 1888 358 1952 calcis
380 1887 451 1950 else:
473 1891 577 1950 eodem
600 1887 675 1949 enim
698 1889 787 1950 modo
816 1903 906 1966 atque
927 1891 993 1952 calx
1015 1908 1073 1966 ope
1094 1908 1195 1967 aquae,
1217 1889 1258 1952 ita

58 2005 113 2064 boc
142 2003 184 2064 sal
218 2020 285 2079 ope
321 1999 437 2076 salivae,
468 2000 583 2064 sudoris
590 2044 601 2076 ,
631 1999 749 2077 spiritus
781 2000 878 2078 Nitri,
901 2016 932 2063 et
959 2004 1037 2064 sorte
1066 2003 1153 2066 etiam
1185 2003 1259 2066 aeris

60 2115 186 2192 humidi,
206 2112 380 2176 incalescit.

97 2226 123 2306 S.
144 2242 196 2302 27.
240 2225 321 2286 Non
343 2221 437 2283 statim
458 2224 484 2299 e)
505 2221 646 2300 sequitur,
667 2222 837 2300 particulam
859 2223 984 2302 aliquam
1005 2224 1131 2287 materiae
1149 2243 1186 2294 en
1205 2245 1241 2288 eo

62 2341 139 2416 quod
160 2338 211 2398 alii
232 2335 378 2414 jungitur
389 2334 439 2413 k),
460 2353 567 2398 novam
588 2335 737 2412 acquirere
758 2337 895 2416 liguram3
911 2336 961 2398 sed
979 2352 1093 2400 tantum
1115 2336 1259 2419 sequitur,

61 2451 145 2526 ipsam
173 2449 326 2528 majorem
353 2445 430 2523 fieri,
456 2462 486 2508 et
507 2447 537 2508 id
558 2447 666 2509 sufficit
700 2451 736 2512 ad
769 2448 954 2512 efficiendum
976 2449 1006 2511 id
1012 2493 1024 2528 ,
1045 2453 1127 2528 quod
1149 2430 1179 2514 in
1202 2452 1256 2514 bac

61 2561 85 2642 S.
105 2566 141 2622 ab
163 2562 247 2622 Clar.
270 2559 349 2621 Viro
370 2559 509 2636 quaeritur
529 2559 568 2638 s).
612 2619 615 2626 ,

98 2673 126 2754 S.
145 2692 196 2752 ³³·
243 2670 331 2756 Quid
364 2673 400 2732 de
433 2670 547 2733 ratione
579 2671 809 2748 Philosophandi
840 2672 987 2736 Clarissimi
1019 2675 1084 2736 Viri
1115 2674 1258 2753 sentiam,

61 2785 171 2863 dicam,
203 2785 368 2863 postquam
399 2781 502 2846 videro
535 2802 597 2844 eam
629 2783 884 2861 Dissertationem,
913 2788 950 2848 de
982 2805 1040 2864 qua
1072 2787 1138 2864 hic,
1168 2803 1198 2850 et
1228 2789 1257 2851 in

62 2897 331 2964 Commentatione
353 2897 518 2959 Prooemiali
540 2915 605 2976 pag.
628 2915 676 2974 23.
699 2897 809 2960 mentio
831 2898 864 2959 flt
884 2899 936 2978 m).

521 3150 566 3193 DE
589 3151 812 3196 ruusm'raun.

102 3358 130 3438 §.
155 3375 182 3418 1.
213 3359 297 3416 Satis
318 3355 442 3433 constat,
462 3360 694 3418 annumerandas
714 3359 766 3437 esse
787 3362 910 3418 maxime
927 3359 1111 3434 generalibus
1132 3357 1256 3435 affetiio·

66 3472 165 3548 nibus,
187 3483 244 3531 etc.
286 3467 437 3530 Notiones
463 3487 500 3529 ex
529 3469 611 3549 vulgi
640 3468 695 3531 usu
716 3469 823 3545 salias,
844 3470 892 3530 vel
913 3487 978 3546 quae
1001 3470 1142 3530 Naturam
1163 3468 1257 3546 expli·

65 3599 148 3658 cant,
171 3601 237 3644 non
259 3595 293 3642 ut
314 3581 344 3640 in
366 3580 396 3641 se
425 3579 483 3656 cll,
514 3581 562 3643 sed
594 3597 684 3658 prout
717 3584 754 3642 ad
785 3580 896 3642 sensum
929 3563 1084 3642 humanum
1116 3583 1259 3659 refertur,

65 3697 147 3757 nullo
181 3695 274 3755 modo
306 3693 383 3754 inter
416 3691 523 3755 summa
555 3711 659 3772 genera
680 3694 713 3772 n)
746 3694 937 3756 numerandas
969 3691 1130 3769 censerem,
1162 3711 1257 3770 neque

100 3971 134 4036 a)
149 3969 255 4034 solnm
269 3967 350 4034 pose,
367 3981 445 4032 neque
463 3966 565 4018 luere.
672 3966 701 4032 i)
719 3975 883 4034 quapropter.
983 3966 1011 4030 c)
1030 3967 1055 4016 in
1074 3965 1143 4030 istinc
1152 3964 1260 4030 saliem.

68 4051 184 4115 disolutis
197 4049 360 4115 [mationem.
476 4049 509 4114 d)
527 4049 650 4100 oriretur.
774 4049 802 4113 e)
821 4051 841 4098 L
858 4047 942 4100 addite
957 4049 1014 4114 fies.
1110 4049 1146 4112 f)
1164 4047 1259 4114 lingna

70 4135 232 4200 imponerem.
347 4131 381 4198 g)
399 4132 439 4182 eni
454 4133 609 4199 pungentia.
711 4133 742 4197 Ιι)
759 4134 780 4182 L
797 4129 881 4182 addite
901 4133 938 4181 id.
1044 4131 1068 4195 i)
1087 4145 1134 4180 non
1148 4129 1258 4196 semper.

103 4217 135 4282 ie)
150 4217 321 4283 ,sparsionis
339 4223 404 4266 mat.
420 4215 503 4265 elteri
516 4215 657 4282 jungetur,
674 4230 737 4266 eam.
839 4215 865 4278 i)
885 4216 948 4278 puori
966 4223 1044 4264 nnren
1063 4226 1111 4262 non
1125 4219 1258 4278 posuerat,

72 4313 161 4348 annm
175 4299 217 4362 sc.
232 4299 332 4348 rodere.
456 4297 496 4362 m)
511 4297 636 4366 paliarum
655 4298 719 4347 diss.
737 4297 826 4359 iiiam,
843 4297 875 4345 de
892 4311 1028 4362 praem„
1045 4295 1141 4350 nidero·

105 4381 137 4446 n)
156 4381 226 4429 inter
242 4395 339 4448 genera
358 4393 450 4436 rernm·
