2926 4896
640 352 845 430 Epistola
876 355 920 415 1v

623 525 861 589 Erraruaa
893 528 946 588 IV.

542 688 615 747 Viro
634 687 806 768 Nobilrffimo
826 707 860 747 ac
881 689 1036 770 Doiirfflmo

446 845 689 909 HENRICO
727 835 983 910 OLUENBU
1000 846 1130 908 RGIO

717 1007 750 1066 B.
773 1023 804 1066 o.
825 1007 854 1066 S.

571 1165 722 1246 Responſso
740 1166 784 1225 ad
796 1166 1010 1246 procedentem.

318 1390 377 1450 Vir
399 1391 573 1472 Clarifflme,

236 1551 314 1611 Dum
352 1568 423 1628 paro
462 1550 502 1611 ire
541 1549 809 1626 Amstelaedamum,
847 1564 883 1610 ut
913 1547 955 1609 ibi
987 1546 1198 1610 hebdomadam
1229 1565 1318 1610 unam
1349 1567 1385 1609 ac

198 1660 316 1722 aiteram
343 1678 520 1736 commorer,
547 1675 627 1722 tuam
655 1678 794 1736 perquam
815 1673 924 1739 gratam
947 1658 1096 1737 epistolam
1118 1658 1234 1735 accepi,
1256 1673 1384 1736 tuaeque

198 1771 380 1850 objediiones
411 1772 442 1834 in
473 1787 549 1849 trer,
580 1789 654 1850 quas
685 1771 765 1850 misr,
794 1769 1015 1848 Propoiitionea
1046 1769 1126 1850 vidi3
1157 1769 1265 1848 quibua
1296 1769 1385 1848 solia,

197 1881 311 1944 caeteris
332 1898 455 1960 propter
473 1882 614 1959 temporis
634 1883 808 1946 brevitatem
831 1882 953 1960 omiffir,
973 1884 1105 1945 conabor
1126 1880 1302 1944 satisfacere.
1333 1885 1385 1944 Ad

193 1998 323 2074 primam
358 1994 458 2072 itaque
496 1994 582 2070 dico,
620 1998 702 2071 quod
741 2013 801 2057 non
833 2013 871 2056 er
902 1993 1075 2056 definitione
1105 1992 1310 2070 cujuscunque
1341 1991 1384 2055 rei

197 2105 329 2183 sequitur
359 2105 511 2168 existentia
541 2106 583 2167 rei
614 2106 757 2168 definitae:
789 2106 839 2169 sed
870 2107 1076 2168 tantummodo
1108 2105 1158 2184 (ut
1184 2104 1215 2165 in
1243 2103 1385 2180 Scholio,

199 2219 281 2295 quod
302 2217 396 2280 tribua
423 2216 678 2295 Proposrtionibua
706 2219 844 2297 adjunxi,
865 2217 1074 2298 demonstravi)
1095 2216 1228 2296 sequitur
1247 2235 1287 2277 ex
1307 2217 1382 2278 defi·

199 2329 313 2391 nitione
333 2329 393 2392 iive
414 2329 478 2392 idea
499 2330 624 2408 alicujus
652 2330 806 2409 attributi,
834 2330 864 2393 id
886 2331 926 2392 eii
946 2330 1006 2410 (uti
1036 2345 1135 2406 aperte
1157 2328 1232 2390 circa
1253 2327 1385 2390 definiti·

200 2456 285 2502 onem
313 2441 371 2503 Dei
398 2442 541 2523 explicui)
568 2443 627 2519 rei,
643 2461 720 2521 ,quae
749 2459 801 2520 per
820 2441 850 2504 se
872 2458 902 2504 et
923 2443 953 2504 in
974 2441 1002 2504 se
1024 2442 1200 2518 concipitur.
1222 2441 1384 2504 Rationem

199 2571 272 2617 vero
303 2553 392 2632 hujus
423 2553 595 2616 differentiae
627 2554 714 2616 etiam
744 2556 775 2617 in
806 2569 967 2617 memorato
997 2553 1117 2618 Scholia
1148 2554 1218 2616 satia
1238 2556 1331 2631 clare,
1351 2555 1384 2616 ni

198 2668 299 2744 fallor,
320 2667 477 2746 proposui,
497 2668 645 2745 praecipue
666 2667 857 2745 Philosopho.
878 2669 1063 2746 supponitur
1080 2667 1156 2730 enim
1175 2686 1236 2730 non
1247 2666 1383 2747 ignorare

200 2777 409 2857 differentiam,
437 2798 502 2858 quae
530 2781 572 2842 est
599 2781 676 2843 inter
702 2781 849 2844 fidionem
878 2796 907 2842 et
936 2781 1012 2842 inter
1039 2782 1146 2843 clatum
1166 2795 1197 2842 et
1217 2779 1383 2843 distinctum

199 2906 394 2969 conceptum3
421 2910 517 2970 neque
546 2891 634 2955 etiam
663 2893 816 2957 veritatem
837 2893 926 2971 hujus
947 2891 1133 2970 Axiomatir,
1151 2892 1277 2969 scilicet,
1298 2895 1384 2971 quod

200 3003 296 3065 omnir
316 3003 468 3082 definitio,
489 3005 547 3069 five
569 3007 645 3066 clara
666 3021 697 3067 et
718 3005 850 3068 distincta
872 3005 955 3083 idea,
975 3005 1010 3067 sat
1030 3023 1108 3070 vera.
1128 3006 1247 3089 Quibus
1267 3007 1385 3068 notatis

200 3133 260 3178 non
288 3115 378 3179 video
385 3161 395 3192 ,
423 3117 494 3194 quid
523 3118 560 3178 ad
580 3115 680 3193 primae
708 3115 876 3194 quaestionis
897 3117 1076 3180 solutionem
1098 3119 1173 3179 ultra
1194 3115 1384 3179 derideretur.

201 3229 298 3313 Quare
327 3230 364 3290 ad
391 3227 567 3291 solutionem
591 3231 722 3306 secunda
750 3247 851 3309 pergo.
880 3230 943 3294 Ubi
971 3231 1078 3294 viderie
1098 3231 1278 3305 concedere,
1300 3233 1385 3307 quod

199 3339 220 3400 st
242 3339 395 3420 Cogitatio
417 3359 477 3402 non
499 3340 644 3418 pertineat
662 3344 699 3403 ad
716 3340 1228 3420 Extensronirnaturam,quodrum
1239 3341 1384 3404 Extensro

199 3469 260 3513 non
282 3452 484 3514 terminaretur
504 3452 716 3532 Cogitatione,
737 3452 869 3514 nimirum
891 3472 957 3516 cum
974 3457 1011 3515 de
1033 3455 1168 3530 exemplo
1190 3468 1306 3515 tantum
1328 3455 1384 3516 du·

199 3561 286 3624 bites.
313 3565 371 3625 Sed
396 3580 484 3641 nota,
512 3567 633 3625 amabo:
663 3563 684 3624 sr
706 3563 771 3642 quir
793 3563 873 3626 dicat
893 3564 1099 3626 Exteniionem
1120 3580 1182 3626 non
1202 3563 1384 3627 Exteniione

200 3673 364 3752 terminari,
385 3675 434 3738 sed
455 3675 667 3757 cogitatione,
689 3695 788 3738 annon
809 3677 885 3738 idem
908 3678 1004 3754 dicet,
1023 3676 1231 3738 Enteniionem
1253 3677 1384 3740 noness‘e

199 3786 332 3848 absolute
359 3786 515 3865 infinitam,
542 3789 593 3850 sed
621 3803 735 3851 tanturn
763 3792 864 3867 quoad
889 3786 1121 3849 Extensronemi
1153 3788 1221 3850 Hoc
1242 3788 1299 3866 est,
1320 3807 1384 3851 non

200 3897 332 3960 absolute
354 3897 422 3958 mihi
443 3902 599 3977 concedit,
618 3899 845 3976 Extenfionem,
865 3900 914 3962 sed
935 3902 1034 3976 quoad
1056 3899 1280 3977 Eatenfionem,
1299 3899 1385 3963 idest

199 4011 229 4072 in
261 4007 315 4071 suo
346 4028 468 4090 genere,
499 4010 553 4073 eise
584 4012 751 4074 infinitam?
782 4012 825 4072 At
856 4011 915 4088 aia,
946 4012 1024 4072 forte
1055 4009 1210 4090 Cogitatio
1238 4011 1280 4073 est
1300 4016 1384 4076 adius

199 4139 370 4199 corporeus.
390 4123 453 4198 Sit,
475 4124 607 4202 quamvis
628 4125 725 4186 nullus
745 4126 917 4198 concedam;
938 4123 987 4185 sed
1008 4123 1066 4184 hoc
1078 4141 1168 4184 unum
1180 4142 1239 4185 non
1252 4123 1383 4204 negabis,

199 4233 426 4313 Extensronem,
452 4238 550 4313 quoad
577 4235 801 4312 Extensronem,
823 4252 882 4296 non
904 4234 959 4296 eise
980 4234 1221 4314 Cogitationem
1242 4239 1325 4312 quod
1345 4240 1384 4298 ad

200 4363 290 4410 meam
311 4347 511 4410 definitionem
533 4346 751 4428 explicandam,
772 4361 802 4407 et
823 4346 859 4408 ad
880 4345 994 4408 tertiam
1015 4345 1383 4422 Propofirionemdemon·
