2926 4896
226 397 266 474 64
644 385 848 469 Epistola
879 385 989 454 XVIII.

227 570 313 630 etiam
334 569 423 645 prima
445 567 529 630 causa
551 568 606 628 eise
628 571 707 630 rnalae
736 568 916 644 voluntatis,
939 584 1084 645 quatenus
1105 568 1177 628 mala
1200 567 1249 628 est.
1290 565 1415 628 Deinde

227 683 303 743 nulla
325 682 355 741 in
376 679 462 741 nobis
483 683 516 742 sit
537 681 700 742 voluntatis
722 681 947 758 determInatio,
968 680 1040 758 quin
1061 681 1143 741 Deus
1164 697 1225 742 earn
1249 682 1285 739 ab
1297 694 1417 740 aeterno

226 793 360 869 sciverit;
388 793 536 870 alioquin,
565 793 586 853 sr
619 793 789 870 nesciverit,
821 795 851 855 in
878 796 946 854 Deo
968 792 1215 870 imperfectionem
1236 791 1418 866 statuimus;

227 905 275 966 sed
307 905 357 982 qui
387 906 469 966 Deus
501 905 577 966 iilam
607 905 690 967 aliter
720 905 854 981 sciverit,
886 925 973 982 quam
1006 924 1042 968 ex
1074 905 1132 966 suis
1153 903 1313 966 Decretis?
1338 904 1418 964 Sunt

226 1017 315 1096 igitur
346 1018 409 1094 ejus
440 1020 565 1080 Decreta
587 1017 744 1080 nostrarum
766 1017 1041 1080 determinationum
1063 1017 1166 1094 causa;
1187 1031 1217 1077 et
1238 1017 1278 1076 ita
1298 1014 1417 1076 rursum

227 1129 309 1205 sequi
329 1129 463 1204 videtur,
483 1131 583 1190 malam
605 1131 789 1202 voluntatem
811 1131 858 1193 vei
880 1148 940 1191 non
962 1129 1018 1191 effe
1040 1128 1416 1206 malumquid,veiDeum

226 1241 303 1302 iilius
324 1241 390 1302 mali
411 1240 523 1303 causam
545 1241 600 1302 eise
623 1242 832 1319 immediatam,
853 1257 883 1303 et
895 1243 924 1304 id
937 1241 1059 1319 operari.
1080 1243 1186 1318 Neque
1197 1240 1244 1302 hic
1255 1239 1417 1301 Distinsiio

226 1351 466 1430 Theologorum,
499 1354 534 1414 de
567 1353 730 1415 differentia
758 1355 835 1416 Inter
856 1357 949 1418 astum
972 1371 1001 1416 et
1023 1356 1126 1416 malum
1147 1351 1224 1415 actui
1245 1351 1418 1426 adhaerens,

226 1467 324 1527 locum
344 1466 450 1528 habere
473 1468 584 1543 potest:
608 1487 672 1530 nam
693 1472 776 1531 Deus
796 1488 861 1530 cunr
883 1470 976 1531 astum
997 1484 1060 1530 tuto
1081 1469 1199 1528 modum
1221 1467 1416 1527 astusdecre-

228 1578 289 1656 vit,
319 1580 375 1640 hoc
408 1580 464 1656 est,
495 1582 576 1642 Deus
608 1599 667 1642 non
700 1581 884 1644 solummodo
917 1581 1066 1658 decrevit,
1087 1596 1121 1643 ut
1142 1581 1272 1641 Adamus
1294 1580 1417 1651 ederet,

228 1709 327 1757 verunt
366 1692 469 1769 etiam,
507 1709 540 1754 ut
578 1692 735 1756 necessario
776 1711 878 1756 contra
910 1697 1077 1756 mandatum
1109 1695 1218 1755 ederet.
1258 1691 1346 1752 Adeo
1381 1705 1417 1750 ut

228 1804 331 1866 iterum
353 1805 434 1882 sequi
456 1807 590 1870 videatur
601 1853 610 1884 ,
632 1809 679 1870 vel
701 1809 735 1865 τὸ
759 1811 842 1870 edere
864 1807 969 1870 Adami
991 1806 1128 1870 adversus
1150 1819 1328 1881 praeceptum
1351 1820 1416 1863 non

228 1915 282 1977 effe
303 1919 426 1994 malum,
447 1919 495 1981 vel
514 1920 611 1980 Deum
632 1919 725 1996 ipsum
746 1919 818 1982 illud
840 1919 962 1996 operari.

269 2029 340 2090 Haec
372 2029 457 2106 sunt,
487 2029 542 2091 VIr
573 2031 725 2093 Clarissrnre
748 2034 779 2108 *,
812 2051 877 2109 quae
908 2032 937 2092 In
969 2029 1121 2107 presentia
1141 2029 1170 2090 in
1194 2029 1335 2090 tractatu
1358 2041 1416 2088 tuo

228 2140 377 2216 percipere
410 2160 548 2220 nequeo:
584 2159 712 2205 extrema
745 2162 869 2220 namque
900 2144 1038 2220 utrinque
1070 2143 1194 2203 statuere
1226 2143 1329 2202 dutum
1364 2139 1417 2198 est.

226 2252 302 2312 Tale
334 2268 430 2315 autern
460 2255 628 2332 responsum
660 2275 675 2316 a
705 2255 863 2333 perspicaci
892 2271 945 2317 tuo
964 2254 1079 2332 judicio
1102 2271 1131 2315 et
1152 2251 1308 2325 industria,
1330 2253 1416 2326 quod

227 2364 296 2424 nrihi
318 2365 406 2427 satiat
427 2365 513 2443 satis,
535 2369 689 2445 exspecto,
711 2384 741 2429 et
763 2369 847 2444 spero
869 2387 913 2428 nte
932 2367 1122 2444 sequentibus
1140 2362 1416 2436 meisostcnsururn,

226 2494 367 2556 quantum
388 2479 442 2540 tibi
465 2497 619 2558 propterea
640 2483 771 2542 debeam.
813 2481 903 2542 Certo
925 2479 998 2556 tibi,
1019 2479 1073 2540 Vir
1095 2479 1197 2554 Clan‘,
1219 2475 1415 2554 persuadeas,

225 2608 271 2651 me
302 2591 364 2651 haec
396 2593 473 2653 nulla
504 2592 558 2652 alia
590 2596 626 2654 de
658 2593 759 2670 causa,
791 2613 877 2670 quarn
899 2592 996 2655 studio
1016 2591 1152 2655 veritatis
1173 2605 1318 2667 quarere:
1340 2587 1416 2648 liber

226 2701 303 2776 sum,
342 2703 412 2764 nulli
451 2703 600 2766 adstrictus
633 2703 816 2781 professioni,
846 2703 976 2765 honestis
1007 2687 1176 2764 mercaturis
1209 2719 1252 2762 nte
1283 2702 1349 2777 alo,
1384 2715 1415 2760 et

228 2829 360 2888 tempus,
390 2817 472 2891 quod
503 2815 571 2876 mihi
603 2815 744 2894 reliquum
778 2817 834 2891 est,
865 2816 943 2877 hisce
975 2818 1061 2878 rebus
1083 2815 1230 2891 impendo.
1272 2811 1414 2874 submisse

227 2939 348 2998 quoque
368 2941 457 3001 rogo,
479 2939 510 2985 ut
533 2944 601 2986 rneae
624 2925 811 2986 difficultates
832 2925 887 2986 tibi
909 2943 969 2986 non
990 2924 1044 2986 sint
1067 2922 1243 3002 ingra11e3s1
1267 2925 1304 2983 ad
1326 2921 1414 2982 hasce

226 3031 400 3108 respondere
422 3033 532 3095 animus
554 3035 609 3109 est,
631 3033 661 3096 id
682 3037 764 3112 quod
786 3035 976 3096 ardentissime
994 3034 1101 3110 cupi0,
1118 3031 1208 3092 scribe
1227 3033 1280 3106 ad,
1300 3045 1358 3091 etc.
1382 3032 1415 3064 **

857 3195 956 3256 Gora.
979 3213 1022 3254 on
1044 3195 1289 3254 Burrnnanorr.

261 3329 384 3383 Dordraci
405 3344 444 3382 ια.
461 3331 581 3382 Decemb.
602 3330 674 3396 1664.

261 3546 273 3574 ⁸
308 3545 356 3594 Ex.
373 3545 454 3610 Belga
475 3546 586 3596 Waeerde
606 3546 682 3607 Heer,
700 3544 725 3596 id
742 3545 778 3596 est
794 3545 900 3594 Domine
918 3545 1044 3608 cariffime.

260 3643 288 3674 i·
322 3645 370 3694 Ex.
386 3644 455 3711 Belg.
473 3647 525 3695 haec
544 3646 630 3696 addit:
648 3645 793 3708 undernyse
806 3643 853 3708 fai
872 3645 912 3693 icit
925 3643 973 3708 fijn
992 3658 1021 3692 en
1040 3642 1147 3705 difien,

892 3741 984 3799 MlJN
999 3740 1095 3790 HEER

1002 3841 1027 3892 U
1042 3842 1073 3891 E.
1090 3839 1277 3905 Dtenssnr'mge
1295 3837 1413 3898 almar,

1112 3941 1156 3990 W.
1172 3951 1231 3989 van
1248 3937 1294 3988 or„
