2926 4896
484 389 691 470 Epistola
722 387 802 456 XIII.
1191 399 1229 476 47

44 589 94 630 cur
125 589 184 650 ego
215 570 294 632 hunc
326 571 495 632 Tradatum
528 570 557 630 in
588 573 683 631 lucem
713 571 830 648 prodire
861 571 940 648 lino,
967 574 1087 634 reddere
1108 571 1230 648 polluar.

43 685 107 744 llac
128 701 235 759 nempe
263 683 417 744 occafione
445 683 523 743 forte
552 681 660 759 aliqui,
681 682 732 760 qui
758 683 788 744 in
810 700 873 744 mea
894 684 986 759 patria
1007 684 1112 760 primas
1134 699 1231 760 partes

44 811 164 870 tenent,
184 794 384 871 reperientur,
405 795 456 871 qui
478 810 598 869 caetera,
619 813 684 872 quae
706 795 820 872 scripfi,
840 811 930 873 atque
940 796 1077 874 promeis
1088 797 1230 876 agnosco,

44 907 249 969 desiderabunt
282 907 400 982 videre;
431 909 565 984 adeoque
598 909 760 985 curabunt,
792 923 880 970 urea
908 923 991 971 extra
1012 925 1098 970 omne
1119 909 1231 971 incom-

43 1021 122 1082 modi
142 1021 305 1097 periculum
326 1019 487 1082 communis
504 1018 579 1097 juris
601 1021 694 1082 facere
715 1021 831 1097 possam:
852 1021 911 1082 hoc
932 1039 1003 1084 vero
1025 1021 1046 1082 fi
1065 1022 1230 1102 contingat,

44 1151 102 1193 non
137 1133 262 1207 dubito,
295 1132 366 1208 quin
399 1132 492 1194 statim
523 1134 656 1210 quaedam
686 1132 716 1193 in
748 1133 897 1208 publicum
928 1136 1028 1212 edam3
1058 1133 1099 1195 lin
1120 1134 1233 1210 minus,

44 1242 134 1305 filebo
162 1243 285 1320 potius,
312 1262 398 1320 quam
427 1262 503 1306 meas
532 1243 690 1320 opiniones
710 1244 879 1306 hominibus
900 1245 995 1309 invita
1016 1245 1110 1321 patria
1130 1247 1232 1308 obtru-

44 1359 127 1429 dam,
148 1374 264 1433 eosque
285 1355 355 1418 mihi
375 1355 505 1418 infensos
526 1359 654 1418 reddam.
676 1357 781 1419 Precor
801 1357 907 1436 igitur,
927 1357 1031 1418 Amice
1051 1359 1234 1434 honorande,

44 1485 76 1528 ar
97 1487 137 1528 eo
165 1467 259 1546 usque
287 1467 453 1545 exspeslare
481 1485 542 1530 non
572 1469 716 1548 graveris:
745 1485 807 1532 tum
829 1469 905 1530 enim
927 1484 978 1532 aut
1000 1469 1093 1545 ipsum
1113 1470 1235 1532 Trada-

44 1597 104 1642 tum
133 1579 315 1656 impressum,
342 1595 395 1642 aut
422 1579 487 1658 ejus
515 1581 737 1659 compendium,
759 1597 793 1643 ut
813 1601 829 1642 a
850 1600 895 1644 me
917 1581 1011 1658 petis,
1031 1582 1162 1643 habebis.
1193 1583 1235 1644 Et

44 1693 62 1752 fi
83 1695 203 1754 interim
224 1693 306 1770 ejus,
327 1693 378 1770 qui
399 1693 453 1754 sub
474 1695 564 1770 praelo
582 1694 641 1771 jam
663 1694 764 1770 sudat,
785 1713 875 1756 unum
893 1695 1235 1771 autalterurnexemplar

43 1807 151 1868 habere
184 1807 278 1883 velis,
308 1806 359 1868 ubi
391 1807 420 1867 id
452 1805 614 1882 rescivero,
643 1822 673 1869 et
693 1805 775 1869 limrrl
795 1807 938 1884 medium,
959 1825 1019 1884 quo
1041 1805 1133 1884 ipsum
1154 1824 1234 1866 com·

43 1922 129 1980 mode
151 1918 270 1980 mittete
291 1933 418 1995 potero,
439 1934 498 1980 tuse
520 1919 670 1982 voluntati
692 1918 845 1997 obsequar.
924 1915 926 1920 ’

83 2035 237 2095 Revertor
259 2031 320 2108 jam
341 2033 378 2092 ad
398 2047 479 2094 tuam
507 2031 675 2107 Epistolam.
696 2032 822 2111 Magnas
843 2031 917 2108 tibi,
937 2031 982 2092 uti
1003 2032 1118 2108 debeo,
1138 2030 1235 2091 Nobi-

44 2145 206 2222 lillimoque
233 2143 342 2222 Boylio
371 2162 427 2224 ago
456 2143 563 2224 gratias
592 2163 645 2222 pro
674 2145 892 2222 perspectiffima
913 2159 964 2206 tua
987 2161 1053 2222 erga
1074 2161 1119 2204 me
1139 2145 1229 2204 bene-

45 2257 195 2332 volentia,
216 2274 332 2333 proque
352 2257 483 2318 benefica
503 2272 555 2320 tua
576 2258 751 2320 voluntate:
774 2271 822 2318 tot
842 2256 919 2317 enim
938 2255 1074 2332 sanaque
1092 2255 1234 2317 momenti

45 2384 74 2428 et
95 2367 240 2444 ponderis
266 2368 403 2447 negotia,
429 2368 459 2429 in
489 2368 596 2446 quibus
624 2367 762 2444 versaris,
782 2386 843 2429 non
865 2383 1028 2444 potuerunt
1049 2367 1179 2444 efficere,
1200 2383 1234 2429 ut

46 2479 87 2540 tui
108 2479 210 2540 Amici
232 2479 461 2555 obliviscereris,
482 2481 553 2557 quin
576 2479 635 2539 imo
656 2479 782 2559 benigne
803 2479 971 2558 polliceris,
992 2495 1022 2542 te
1044 2481 1124 2541 omni
1144 2482 1235 2542 modo

46 2612 163 2669 curare,
184 2610 222 2654 ne
244 2593 275 2654 in
294 2592 440 2670 postenrm
469 2592 655 2655 consuetudo
684 2591 779 2653 nostra
804 2591 929 2654 literaria
950 2593 1062 2654 tamdiu
1082 2592 1234 2654 interrum-

45 2721 141 2780 patur.
171 2703 369 2767 Eruditilsnno
396 2703 527 2767 Domino
554 2704 661 2784 Bnylio
682 2722 803 2784 magnas
822 2703 909 2766 etiam
930 2721 986 2784 ago
1007 2703 1132 2782 gratias,
1152 2707 1234 2781 quod

45 2819 81 2876 ad
103 2833 185 2876 meas
204 2817 304 2877 Notas
330 2815 468 2895 dignatus
488 2815 577 2877 suerit
604 2815 795 2892 respondere,
817 2815 950 2892 quamvis
971 2814 1084 2891 obiter,
1105 2829 1135 2876 et
1155 2813 1235 2892 quali

47 2929 126 2990 aliud
157 2930 284 3008 agendo.
321 2929 466 3006 Equidem
504 2931 617 3005 fateor,
648 2948 698 2990 eas
729 2947 790 2990 non
821 2929 896 2989 tanti
929 2926 982 2988 else
1014 2928 1171 3003 momenti,
1201 2942 1235 2988 ut

47 3041 262 3104 Eruditiffimus
292 3041 347 3102 Vir
374 3041 461 3102 iniis
489 3043 694 3118 respondendo
720 3057 853 3118 tempus,
875 3043 956 3118 quod
977 3040 1132 3102 altioribus
1153 3040 1235 3118 cogi-

47 3155 215 3216 tationibus
246 3154 412 3230 impendere
443 3154 561 3231 potest,
592 3155 754 3216 consumat.
785 3154 852 3232 Ego
883 3152 1000 3229 quidem
1033 3170 1093 3213 non
1115 3152 1238 3228 putavi,

48 3267 136 3327 immo
170 3265 240 3325 mihi
271 3265 441 3341 persuadere
464 3285 524 3328 non
556 3266 732 3342 potuissem,
754 3267 836 3343 quod
856 3265 910 3326 Vir
929 3264 1143 3326 Enrditilsrmus
1165 3264 1237 3325 nihil

50 3379 129 3440 aliud
151 3377 205 3439 libi
226 3377 413 3454 proposuerit
433 3379 463 3439 in
485 3379 538 3441 suo
559 3379 701 3442 Tartaru
722 3381 758 3441 de
779 3377 886 3454 Nicro,
907 3397 993 3456 quam
1015 3393 1128 3438 tantum
1141 3376 1236 3438 osten-

49 3495 116 3552 dere
139 3489 301 3552 dodin'nam
329 3491 404 3552 illam
426 3491 564 3568 puerilem
585 3507 615 3552 et
637 3491 835 3571 nugatoriam,
857 3494 893 3552 de
921 3491 1032 3552 Formis
1052 3489 1232 3551 Substantia·

48 3605 142 3678 libus,
164 3602 382 3685 Qualitatibus,
403 3619 459 3663 etc.
480 3602 594 3664 infirmo
615 3605 676 3664 talo
697 3603 768 3680 niti;
789 3603 933 3678 sed,cum
945 3603 1018 3663 mihi
1031 3599 1237 3680 persuasissem‚

49 3715 237 3776 Clariffimum
267 3714 370 3776 Virum
400 3729 532 3776 naturam
570 3715 649 3776 Nitri
680 3715 768 3777 nobis
798 3716 944 3792 explicare
983 3713 1122 3778 voluisse:
1154 3718 1237 3793 quod

49 3845 156 3904 nempe
177 3825 248 3888 elles
268 3845 377 3904 corpus
396 3827 640 3906 heterogeneum,
663 3828 798 3888 constans
819 3827 951 3904 partibus
972 3827 1038 3888 fixis
1059 3842 1090 3889 et
1108 3829 1237 3892 volatili-

49 3942 120 4016 bus,
143 3939 228 4004 volui
249 3957 312 4001 mea
333 3939 532 4017 explicatione
554 3939 703 4002 ostendere
726 3939 824 4020 (quod
844 3957 920 4019 puto
941 3960 986 4002 me
1007 3940 1076 4002 satis
1094 3941 1238 4019 superque

50 4049 237 4130 ostendisse),
258 4070 314 4113 nos
333 4051 415 4128 posse
436 4052 550 4127 omnia,
572 4071 637 4130 quae
660 4071 716 4132 ego
737 4053 837 4115 saltem
856 4053 1239 4130 novi,NitriPhaenomena

50 4163 186 4225 facillime
217 4163 379 4241 explicare,
410 4164 544 4242 quamvis
576 4184 636 4226 non
668 4168 863 4227 concedamus
893 4167 1012 4228 Nitrum
1043 4164 1099 4226 else
1129 4183 1239 4242 corpus

50 4279 297 4356 heterogeneum,
317 4277 367 4338 sed
387 4276 612 4357 homogeneum.
633 4278 781 4360 Quocirca
802 4297 896 4340 meum
918 4297 977 4339 non
999 4293 1059 4338 erat
1078 4277 1240 4356 ostendere,

53 4389 87 4450 sal
108 4391 202 4452 lixum
225 4389 314 4450 saeces
335 4387 391 4449 elle
412 4389 510 4466 Nitri,
530 4389 580 4452 sed
602 4406 716 4452 tantum
739 4389 921 4467 supponere,
942 4406 975 4451 ut
998 4390 1143 4466 viderem,
1163 4407 1238 4466 quo·
