2926 4896
203 345 244 419 56
646 341 851 419 Epistola
876 343 949 402 XV.

203 519 255 580 ubi
275 519 416 582 neminem
444 521 510 581 iaedi
537 519 670 596 videbit,
698 539 752 580 nec
774 519 885 597 aliquid
914 519 1061 597 proponi,
1082 522 1164 597 quod
1185 519 1271 581 alicui
1294 520 1396 582 offen-

205 633 305 694 dicuio
333 630 387 692 eise
412 633 521 708 potest.
562 635 653 714 Quod
682 631 702 693 sr
731 647 827 694 tamen
848 632 949 708 postea
970 631 1017 694 vir
1037 631 1105 708 iste,
1126 646 1177 692 aot
1199 633 1288 708 aliua,
1305 631 1397 694 suum

204 748 380 810 marevolum
409 746 533 808 animum
563 747 714 809 ostendere
743 745 835 808 velit:
864 761 927 806 tum
956 745 1020 822 ejus
1048 743 1139 806 vitam
1161 758 1191 804 et
1211 761 1306 804 morea
1329 761 1397 806 non

203 858 263 919 fine
294 858 434 934 applausu
464 858 621 938 depingere
641 858 763 934 poteris.
794 858 868 919 Peto
896 856 1001 936 igitur,
1024 871 1057 918 ut
1077 873 1212 934 eousque
1232 871 1397 932 expectare

204 989 265 1031 non
293 969 437 1049 graveris,
465 987 553 1048 teque
582 988 702 1032 exorare
723 969 814 1047 sinas,
835 985 865 1031 et
886 988 930 1030 mc
952 967 1007 1030 tibi
1030 967 1245 1030 addiciiffrmnm
1271 969 1397 1044 credas,

206 1095 294 1158 atque

969 1162 1043 1220 omni
1061 1160 1156 1238 studio
1177 1173 1255 1244 tuum

1053 1272 1085 1332 B.
1107 1289 1152 1332 oa
1174 1272 1331 1338 Srrnozn.

240 1351 385 1444 Voorburgi
404 1369 428 1416 3.
445 1353 540 1422 augusti
560 1351 631 1418 1663.

246 1508 368 1572 Amicus
394 1512 430 1571 de
458 1507 544 1570 Vries
568 1509 631 1570 haec
657 1507 752 1569 secum
778 1508 851 1568 ferre
878 1507 1047 1583 promiserat
1072 1509 1104 1585 *,
1130 1507 1180 1568 sed
1206 1506 1275 1583 quia
1297 1507 1398 1568 nescit

207 1624 326 1699 quando
347 1625 383 1683 ad
405 1640 461 1684 vos
482 1620 649 1686 reversurus
670 1621 726 1697 est,
748 1639 800 1696 per
820 1621 906 1682 alium
928 1619 1026 1682 mitto.

247 1731 302 1794 Hir
333 1731 387 1794 ribi
418 1730 500 1796 simui
529 1732 616 1794 mitto
648 1747 759 1808 partem
790 1731 895 1793 acholii
927 1750 1010 1809 prop.
1043 1747 1092 1807 27.
1130 1733 1222 1808 partit
1253 1750 1282 1794 2.
1320 1733 1398 1794 srcur

208 1843 313 1922 pagina
336 1854 383 1919 75.
406 1843 528 1922 incipit,
549 1857 582 1906 ut
601 1843 694 1919 ipsum
712 1843 901 1922 typographo
921 1846 1034 1919 tradas,
1051 1859 1082 1904 et
1092 1845 1192 1906 denuo
1203 1843 1399 1918 imprimatur.

247 1955 319 2016 Hac
341 1973 407 2032 qua
427 1955 475 2018 hic
496 1955 583 2018 mitto
606 1958 714 2018 debent
736 1955 893 2020 necessario
915 1959 1013 2019 denuo
1035 1956 1158 2032 imprimi
1177 1972 1209 2017 et
1229 1959 1336 2036 14.ch
1351 1971 1400 2032 ¹5·

208 2068 314 2145 regulae
336 2066 404 2128 addi
425 2069 550 2145 debent,
571 2087 637 2146 quae
659 2070 813 2130 commode
834 2067 953 2144 poisunt
975 2067 1124 2132 intertexi.

527 2471 765 2534 Euspena
797 2473 869 2532 XVI
911 2474 994 2537 (omn
1021 2473 1077 2539 xr).

673 2614 829 2696 Clarifflmo
861 2616 936 2682 Viro

505 2826 509 2836 ¹
725 2753 757 2813 B.
785 2771 818 2814 n.
847 2756 876 2814 S.

418 2895 697 2958 HENRICUS
738 2895 1183 2960 OLDENBURGIUS.

329 3069 556 3152 Praestanttfflme
578 3072 652 3148 Vir,
674 3085 700 3134 et
723 3072 820 3133 Amice
842 3074 1047 3152 Cokndifflme‚

249 3217 310 3276 Vix
332 3232 390 3277 tres
411 3231 577 3294 quatuorve
605 3215 667 3278 dies
689 3215 757 3278 sunt
777 3216 883 3294 elapsr,
905 3237 943 3278 ex
964 3237 1024 3295 quo
1046 3219 1205 3298 Epistolam
1228 3237 1280 3297 pet
1299 3223 1401 3282 tabel-

208 3329 316 3390 lionem
346 3327 522 3389 ordinarium
552 3329 588 3387 ad
616 3342 646 3387 te
675 3330 788 3390 dabam.
820 3329 1009 3391 Meminerarn
1031 3329 1071 3391 ibi
1094 3331 1245 3409 cujusdam
1263 3330 1359 3393 iibelii
1384 3355 1401 3394 a

209 3440 339 3502 Domino
360 3439 468 3519 Boylio
489 3437 664 3516 conscripti,
686 3454 716 3500 et
738 3440 792 3502 tibi
814 3442 1039 3504 transmittendi.
1060 3444 1131 3504 Non
1153 3459 1215 3504 tum
1235 3444 1401 3524 affrrigebat

210 3551 275 3627 sper
294 3539 353 3613 tam
375 3551 436 3615 cito
459 3550 643 3613 nanciscendi
666 3553 804 3630 amicum,
827 3554 877 3631 qui
897 3571 962 3616 eum
981 3557 1128 3632 perferret.
1150 3557 1196 3616 Ex
1213 3575 1250 3618 eo
1262 3551 1400 3635 t‘cmpore

210 3663 239 3723 se
261 3663 371 3724 obtulit
393 3664 510 3741 quidam
532 3663 672 3740 opinione
695 3684 757 3726 mea
779 3667 909 3728 celerius.
931 3669 1071 3744 Accipias
1091 3669 1180 3748 igitur
1198 3675 1400 3748 nunc,·quod

211 3790 282 3835 tunc
313 3775 391 3835 mitti
423 3793 482 3836 non
515 3781 648 3854 potciat,
681 3796 796 3856 unaque
828 3757 948 3842 Domini
970 3773 1084 3860 Boyiii,
1106 3783 1156 3860 qni
1179 3801 1257 3844 nunc
1278 3799 1344 3844 mre
1367 3785 1399 3845 in

84 3943 86 3946 .
211 3889 322 3949 Urbem
344 3887 474 3951 reversus
496 3888 552 3962 est,
574 3889 693 3951 salutem
722 3891 959 3954 officiosriiimam.
1000 3895 1100 3973 Rogat
1122 3893 1185 3971 ilie,
1207 3907 1242 3954 ut
1262 3894 1399 3955 Praefati-

212 4016 298 4060 onem
318 3999 348 4060 in
369 3999 577 4075 Experimenta
598 3999 689 4076 ipsius
711 4001 786 4062 circa
806 4002 925 4064 Nitrum
948 4005 1050 4066 fatiam
1069 4004 1398 4080 consolamintelieciu·

211 4129 260 4173 rur
277 4111 344 4172 inde
363 4128 479 4188 rernm,
497 4131 582 4190 quem
600 4113 651 4174 irbi
669 4115 863 4190 praestituerat
876 4116 906 4178 in
919 4135 955 4177 eo
967 4117 1082 4196 Opere,
1093 4117 1233 4195 scopum
1244 4118 1400 4183 ostendere

213 4261 479 4274 -—.--..—-..

245 4343 257 4372 ³
293 4341 397 4406 Respice
415 4357 472 4410 pag.
489 4355 530 4408 55.
547 4358 606 4395 ann.
