2926 4896
192 379 233 431 ao
642 351 847 440 Epistola
878 351 931 425 vt.

190 543 381 622 ebullitione,
402 559 432 606 et
453 543 483 606 in
506 543 570 606 aliis
591 541 700 604 multis.
736 543 782 603 De
803 542 904 602 colore
926 557 1040 618 autent,
1061 542 1094 621 a)
1117 556 1150 602 ut
1172 557 1288 604 tantuna
1311 557 1385 618 pro·

192 657 301 718 babilla
333 657 480 733 adferam,
512 655 584 716 nihil
616 654 696 716 aliud
727 654 821 715 dicam
843 653 893 733 b),
925 653 975 714 nih
1009 656 1092 730 quod
1121 653 1255 716 videmus
1288 653 1390 712 omnia

191 769 317 833 virentia
345 769 375 830 ln
405 783 472 846 tot,
500 782 618 844 tamque
647 766 797 842 diversos,
828 766 945 826 coloret
973 765 1087 827 mutari.
1128 765 1218 828 Porto
1240 782 1389 841 corpora,

192 896 300 942 tetrum
332 881 452 942 odorem
485 879 622 956 spirantia
654 879 704 958 c),
734 877 755 937 st
787 878 938 956 agitentur
967 879 1029 957 d),
1060 877 1210 938 teniorem
1246 875 1389 955 spargunt

194 996 316 1056 odorent
337 994 384 1071 e),
412 1010 442 1054 et
471 992 619 1069 praecipue
647 991 667 1051 st
696 990 811 1052 modice
839 989 1015 1052 incalescant
1030 989 1080 1070 f).
1121 990 1258 1068 Denique
1282 990 1388 1052 vinum

194 1107 279 1166 dulce
306 1105 336 1166 in
364 1120 478 1167 acetum
506 1119 645 1180 mutatur,
666 1119 696 1165 et
718 1104 755 1164 stc
777 1105 868 1164 multa
890 1103 954 1164 alia.
996 1102 1095 1187 Quare
1124 1103 1187 1164 haec
1216 1103 1314 1164 omnia
1344 1101 1390 1179 (fi

192 1217 328 1278 libertate
347 1215 550 1298 Ptttofopttca
569 1220 615 1278 rttt'
634 1218 720 1276 liceat
745 1214 773 1294 ¹)
804 1213 1018 1291 supervacanea
1044 1214 1205 1292 J'udicatem
1232 1215 1279 1293 g).
1323 1216 1389 1274 Hoc

192 1331 270 1407 diat,
291 1335 361 1408 qaia
381 1348 494 1404 verear,
513 1349 548 1389 rte
567 1331 639 1405 alt‘t',
668 1332 720 1406 qut·
742 1327 932 1410 Clart'fflmam
953 1329 1059 1390 Virum
1080 1331 1190 1405 minus,
1218 1345 1304 1405 quam
1321 1341 1387 1406 par

193 1441 241 1519 est,
260 1454 376 1518 amant,
393 1455 550 1522 perperam
571 1441 605 1500 de
624 1441 686 1521 t‘pso
701 1439 842 1515 judicent.

235 1553 262 1634 S.
283 1572 331 1634 24
372 1555 418 1615 De
446 1554 534 1631 hujus
563 1553 752 1614 Phaenomeni
774 1551 860 1613 causa
877 1551 937 1628 jam
958 1553 1079 1614 locutus
1100 1551 1178 1614 sum:
1199 1551 1247 1613 hic
1267 1566 1386 1613 tantum

194 1667 289 1742 addo,
317 1683 362 1726 nte
390 1665 477 1726 etiarn
499 1664 681 1741 experientia
702 1663 842 1728 invenisse
863 1662 916 1744 t),
948 1663 1074 1744 guttulis
1096 1664 1151 1725 illis
1172 1663 1270 1724 salinis
1292 1663 1385 1740 patti-

194 1779 275 1838 culat
294 1774 360 1837 salia
381 1776 432 1836 lixi
461 1775 592 1836 innatare
613 1776 650 1854 t).
691 1776 766 1835 Natn
788 1794 854 1837 curn
876 1774 945 1850 ipsae
965 1774 1074 1837 sursum
1097 1776 1282 1852 volitabant,
1304 1777 1386 1839 vitto

195 1891 301 1966 plano,
328 1890 410 1964 quod
437 1902 569 1964 paratura
599 1889 634 1950 ad
663 1887 693 1948 id
714 1889 747 1967 tl)
768 1887 926 1965 habebam,
950 1890 1160 1964 occurrebant,
1181 1890 1263 1966 quod
1284 1891 1315 1968 l)
1337 1905 1386 1950 ut·

195 2017 312 2077 cunque
334 1999 470 2076 calefeci,
490 2014 524 2061 ut
544 1999 605 2078 m),
625 2001 707 2076 quod
729 1999 849 2064 volatile
871 2001 950 2064 vitro
972 2001 1138 2063 adherebat
1161 2000 1214 2079 n),
1234 2002 1386 2074 evolaret;

196 2129 257 2188 quo
278 2113 357 2174 fatto
379 2111 526 2174 materiam
547 2110 701 2191 crasiano)
718 2112 892 2174 albicantem
910 2113 990 2176 vitro
1002 2112 1056 2191 hic
1075 2111 1133 2173 illic
1145 2113 1340 2174 adherentem
1348 2115 1386 2192 p)

198 2223 423 2299 conspiciebam.

238 2335 265 2416 §.
286 2347 334 2412 25.
366 2338 399 2398 ln
420 2337 474 2398 hac
495 2335 522 2416 S.
544 2335 664 2400 videtur
683 2335 856 2398 Clatllltmus
874 2337 929 2397 Vir
939 2337 972 2416 q)
992 2338 1068 2400 velle
1089 2337 1298 2414 demonstrare,
1319 2356 1385 2414 par·

197 2465 243 2510 tes
263 2449 438 2525 alcalisatas,
460 2467 510 2525 pet
530 2448 683 2524 impulsum
705 2450 910 2525 particularum
939 2447 1109 2525 salinarum,
1129 2449 1188 2510 huc
1208 2449 1277 2510 illuc
1300 2449 1387 2525 ferti;

197 2562 355 2640 particulae
376 2579 449 2625 veto
471 2561 574 2623 salinas
594 2561 716 2638 proprio
737 2561 861 2638 impulsu
882 2561 911 2623 se
933 2559 1009 2637 ipsas
1030 2562 1059 2622 in
1082 2567 1175 2623 adrem
1198 2562 1312 2622 tollere.
1344 2561 1385 2621 Et

198 2692 254 2756 ego
286 2675 316 2736 in
348 2675 548 2751 explicatione
569 2675 601 2754 r)
632 2675 819 2736 Phaenomeni
851 2672 933 2750 dixi,
964 2677 1046 2752 quod
1077 2673 1227 2750 particular
1258 2673 1387 2749 Spiritus

198 2785 276 2847 Nitri
308 2785 532 2848 concitatiorem
564 2802 674 2848 motum
707 2785 882 2864 acquirunt,
914 2803 951 2846 eo
971 2786 1001 2864 s)
1033 2788 1137 2862 quod,
1168 2803 1233 2847 cunr
1265 2785 1387 2846 latiores

199 2914 312 2962 meatus
338 2899 553 2978 ingrediuntur,
579 2897 737 2960 netellario
758 2917 774 2958 a
795 2897 914 2958 materia
944 2896 1041 2973 aliqua
1063 2897 1090 2976 t)
1112 2896 1287 2958 subtiliiluaa
1308 2896 1387 2975 cingi

198 3011 322 3086 debent,
352 3026 381 3070 et
412 3010 448 3070 ab
479 3011 596 3084 eadem,
627 3024 662 3072 ut
683 3011 718 3088 v)
749 3012 786 3069 ab
818 3009 885 3088 igne
916 3008 1068 3085 particula
1089 3009 1125 3087 x)
1157 3009 1245 3087 ligni,
1276 3008 1386 3070 sursum

199 3123 267 3200 pelli
284 3123 335 3202 y);
367 3121 516 3198 particula
547 3139 619 3184 veto
651 3121 804 3183 alcallsatae
835 3120 917 3182 suunt
943 3137 1056 3182 motum
1084 3135 1260 3196 acceperunt
1281 3122 1316 3201 z)
1348 3125 1386 3180 ab

198 3234 323 3312 impulsu
354 3233 559 3311 particularum
591 3233 716 3309 Spiritus
744 3233 824 3294 Nitri
852 3250 904 3309 per
931 3232 1112 3312 angustiores
1133 3249 1247 3294 meatus
1267 3231 1297 3292 se
1318 3231 1386 3292 inlr-

233 3545 266 3610 a)
282 3543 398 3596 Ladditt
418 3545 460 3610 pai
478 3559 511 3596 aa
527 3543 643 3610 affufioae
656 3542 770 3611 spiritus
787 3543 853 3593 nitri
870 3543 1030 3594 mutabatur.
1179 3540 1209 3606 b)
1227 3541 1294 3590 nihil
1311 3541 1387 3592 aliud

200 3629 281 3679 dicam
297 3629 342 3693 (ut
359 3643 406 3678 aon
424 3627 470 3692 m'fi
483 3627 631 3694 probabilia
651 3625 797 3691 adferam).
897 3624 925 3690 c)
939 3623 1080 3690 jacientia.
1180 3622 1213 3688 d)
1237 3623 1387 3690 agitantur,

200 3719 249 3761 aut
263 3712 359 3761 modice
376 3708 544 3775 incalescant.
744 3709 771 3774 e)
791 3709 921 3758 tetriorem
940 3707 1038 3757 odorem
1051 3705 1165 3771 jactant.

230 3793 266 3860 f)
284 3796 305 3843 L
321 3795 373 3844 hoec
390 3791 447 3856 post
464 3793 602 3859 agitantur
619 3793 704 3843 habet.

236 3882 246 3909 ⁸
266 3876 291 3927 ln
310 3873 419 3939 Epistola
437 3889 451 3925 a
468 3889 508 3926 me
525 3873 594 3927 milla
612 3876 665 3926 haec
683 3871 798 3926 consulto
816 3873 895 3926 omill.
915 3872 1016 3938 [ltaque
1034 3869 1123 3924 destant
1141 3871 1166 3922 in
1184 3870 1226 3936 L.]

233 3957 267 4024 g)
287 3957 319 4024 Q.
336 3959 362 4007 h.
379 3971 401 4007 ο.
417 3957 481 4007 attat
494 3956 687 4023 supervacanea
705 3958 835 4009 uidentur.
953 3955 984 4020 h)
1002 3970 1040 4005 me
1053 3955 1134 4020 semel
1152 3954 1278 4019 iaueaiffe.

234 4041 259 4104 ι’)
277 4039 411 4104 lanataffe.
511 4040 541 4105 l)
559 4041 675 4103 quartat
694 4042 738 4091 doc
755 4039 936 4107 obseruandum
952 4048 1084 4105 paratam.
1177 4038 1202 4102 l)
1222 4039 1266 4086 hoc
1282 4037 1387 4088 vittata.

234 4123 273 4189 aa)
291 4132 320 4173 at
338 4138 407 4173 orant
425 4123 461 4174 td.
569 4122 601 4187 n)
619 4124 741 4174 larebat.
849 4123 878 4188 o)
896 4122 1086 4187 crafflafculam.
1189 4120 1224 4187 p)
1243 4122 1388 4170 harentear.

234 4206 265 4272 q)
281 4207 324 4258 νίν
340 4207 373 4256 cl.
490 4205 519 4269 r)
538 4207 559 4254 L
576 4205 658 4256 addit.-
679 4207 762 4271 hujus.
861 4204 890 4269 s)
906 4203 1281 4271 particulas....acquirare‚
1299 4216 1333 4252 ex
1351 4218 1386 4253 ea.

235 4289 262 4353 t)
280 4289 312 4341 ab
330 4289 419 4352 aliqua
436 4288 558 4338 materia.
667 4287 697 4351 a)
716 4303 731 4338 a
751 4303 813 4353 qua,
831 4287 913 4337 eodem
930 4287 1001 4337 modo
1019 4301 1058 4337 ac.
1167 4287 1202 4350 x)
1216 4294 1321 4353 parter.

232 4371 265 4436 y)
279 4370 422 4437 pellantur.
622 4370 655 4433 a)
669 4370 1020 4434 particulas....accipere.
