2926 4896
171 331 195 384 (s
628 317 833 394 Epistola
865 315 903 375 ll.

173 495 247 566 adeo
269 511 383 560 utnon
402 494 439 556 stt
459 491 537 571 opus
558 491 688 570 apertius
706 493 745 554 de
765 491 811 552 nis
832 491 925 568 loqui.
957 489 1004 554 Ut
1025 505 1122 552 autem
1143 489 1207 553 lraec
1229 491 1305 552 clare
1327 505 1365 552 et

173 607 302 672 breviter
320 607 557 682 demonstrarem,
578 602 651 665 nihil
670 602 773 666 melius
794 600 882 678 potui
903 600 1091 682 excogitare,
1112 601 1165 664 nist
1185 617 1221 666 ut
1232 619 1265 664 ea
1275 621 1366 664 more

174 719 362 788 Geometrico
383 720 506 796 probata
528 714 653 779 examini
672 716 719 778 tui
740 714 851 796 ingenii
871 713 1061 792 subjicerem
1081 715 1117 775 'ea
1141 718 1152 755 ¹
1187 715 1289 792 itaque
1308 712 1367 776 hic

173 831 325 909 separatim
346 831 450 908 mitto,
470 845 613 908 tuumque
634 827 711 890 circa
731 825 793 904 ipsa
810 824 955 905 judicium
975 824 1161 902 exspectabo.

180 959 181 964 ¹
214 941 295 1004 Petis
315 962 331 1004 a
351 943 396 1003 me
424 941 570 1018 secundo,
597 939 737 1018 quosnam
765 955 877 1000 errores
900 937 931 999 in
952 935 1074 1004 cineri
1093 953 1125 1000 et
1144 938 1270 1002 Baconia
1291 939 1363 1002 Phi-

172 1053 308 1132 losoplria
335 1053 494 1117 observem.
534 1052 601 1136 Qua
627 1051 658 1112 in
685 1069 732 1127 re,
753 1050 887 1128 quamvis
908 1067 989 1112 meua
1010 1067 1075 1112 moa
1096 1067 1157 1113 non
1179 1050 1214 1113 lit
1236 1050 1363 1116 aliorum

175 1184 287 1231 errores
315 1169 466 1246 detegere,
494 1167 566 1229 volo
595 1164 682 1226 etiam
711 1161 766 1224 tibi
793 1179 902 1224 morem
922 1180 1031 1242 gerere.
1072 1162 1184 1227 Primus
1205 1163 1308 1242 itaque
1330 1179 1364 1226 et

174 1277 317 1340 maximus
338 1278 396 1355 est,
416 1279 498 1356 quod
518 1291 577 1338 tam
597 1277 685 1354 longe
707 1293 723 1335 a
744 1273 916 1353 cognitione
937 1273 1039 1336 Primae
1059 1273 1163 1336 Causae
1184 1290 1215 1336 et
1236 1273 1364 1355 originis

175 1390 304 1453 omnium
331 1407 423 1452 rerum
452 1387 619 1451 aberratint.
659 1386 829 1462 Secundus,
853 1387 934 1464 quod
956 1403 1053 1448 veram
1073 1400 1206 1448 naturam
1226 1386 1364 1449 humanae

175 1503 288 1564 Mentis
308 1519 369 1565 non
389 1501 594 1584 cognoverint.
634 1499 774 1576 Tertius,
794 1500 876 1576 quod
894 1517 992 1563 ueram
1013 1499 1127 1561 causam
1147 1499 1261 1564 Errorie
1284 1519 1364 1562 nun·

175 1633 261 1694 quam
289 1614 408 1677 assecuti
434 1614 499 1676 lint.
540 1615 674 1698 Quorum
694 1610 782 1674 trium
803 1629 890 1689 quam
911 1609 1035 1672 maxime
1056 1610 1210 1673 necessaria
1232 1611 1268 1672 fit
1290 1629 1363 1673 vera

174 1725 329 1807 cognitio,
359 1741 473 1788 tantum
505 1727 541 1786 ab
572 1724 609 1785 iis
639 1723 808 1804 ignoratur,
839 1722 891 1800 qui
922 1723 1002 1784 omni
1034 1722 1131 1786 studio
1150 1738 1187 1790 et
1209 1722 1364 1801 disciplina

176 1836 292 1915 prorsus
318 1836 452 1899 destituti
478 1835 555 1898 sunt.
595 1837 687 1918 Quod
715 1851 812 1896 autem
833 1855 849 1897 a
870 1834 1044 1916 cognitione
1069 1835 1168 1911 primae
1189 1833 1310 1913 Causae,
1331 1851 1364 1897 et

176 1950 308 2010 humanae
327 1947 443 2010 Mentis
464 1947 678 2024 aberraverint,
705 1947 789 2009 facile
811 1947 959 2028 colligitur
979 1966 1016 2010 ex
1036 1947 1161 2012 veritate
1183 1947 1271 2011 trium
1290 1967 1363 2026 pro-

176 2059 355 2137 positionum
386 2060 471 2136 supra
502 2075 743 2122 memoratarum:
775 2078 864 2138 quare
896 2062 933 2122 ad
964 2059 1056 2123 solum
1086 2059 1205 2123 tertium
1237 2079 1363 2124 errorem

177 2173 389 2236 'ostendendum
417 2191 463 2234 me
491 2188 645 2236 converto.
685 2174 732 2235 De
758 2175 875 2234 Bacone
903 2191 1004 2250 pamm
1032 2173 1126 2236 dicam
1132 2219 1143 2252 ,
1172 2174 1223 2251 qui
1250 2176 1286 2236 de
1308 2175 1365 2237 lrac

177 2304 208 2348 re
219 2286 375 2347 admodum
397 2283 518 2347 confuse
535 2283 685 2361 loquitur,
702 2299 733 2345 et
750 2285 810 2346 fere
828 2283 901 2345 nihil
918 2286 1040 2362 probat,
1058 2285 1108 2348 sed
1125 2301 1240 2348 tantum
1256 2302 1364 2348 narrat.

176 2399 253 2460 Nam
283 2397 377 2474 primo
409 2396 570 2475 supponit,
601 2399 684 2475 quod
714 2397 880 2459 intellestus
910 2396 1054 2459 humanus
1085 2413 1190 2475 praeter
1221 2399 1363 2460 fallaciam

177 2507 310 2571 sensuum
339 2507 389 2571 sut
415 2506 477 2570 sold
505 2509 609 2570 naturd
635 2505 762 2585 fallitur,
790 2507 946 2585 omniaque
973 2509 1058 2590 fingit
1083 2528 1121 2571 ex
1149 2509 1284 2590 analogia
1304 2510 1364 2572 suae
1454 2545 1455 2550 κ

178 2633 309 2697 nature,
329 2636 361 2683 et
381 2639 443 2683 non
464 2638 502 2684 ex
524 2622 657 2703 analogia
678 2620 821 2699 univerfi3
850 2625 925 2684 adeo
946 2638 982 2685 ιιι
1002 2621 1037 2684 lit
1057 2623 1143 2684 instar
1162 2622 1272 2700 speculi
1292 2623 1363 2686 inae-

179 2732 272 2808 qualia
300 2735 337 2795 ad
364 2733 462 2796 radios
490 2751 600 2811 rerum,
628 2734 679 2810 qui
706 2732 785 2796 suam
810 2749 940 2796 naturam
962 2749 1072 2795 naturae
1093 2751 1185 2795 rerum
1206 2733 1364 2812 immiscet,

178 2857 237 2905 etc.
278 2845 431 2920 Secundo,
458 2847 541 2920 quod
565 2843 729 2906 intellectus
750 2845 893 2907 humanus
914 2845 1007 2906 fertur
1026 2847 1063 2907 ad
1084 2844 1221 2908 abstracta
1241 2859 1365 2922 propter

179 2967 311 3016 naturam
338 2955 500 3030 propriam,
526 2969 615 3031 atque
637 2973 687 3032 ea,
709 2973 775 3032 quae
796 2957 874 3017 fluxa
895 2956 980 3033 sunt,
1000 2955 1086 3035 fingit
1106 2953 1163 3016 elle
1184 2955 1363 3032 constantia,

178 3082 236 3129 etc.
276 3065 398 3143 Tertio,
419 3068 500 3144 quod
522 3067 688 3131 intellestua
708 3069 852 3131 humanus
873 3069 990 3148 gliscat,
1019 3086 1116 3145 neque
1137 3065 1290 3130 consistere
1311 3083 1363 3130 aut

180 3176 362 3257 acquiescere
382 3177 483 3254 possrt;
513 3192 543 3240 et
565 3197 638 3255 quaa
659 3179 754 3241 adhuc
777 3179 846 3241 aliar
867 3179 967 3242 causas
988 3178 1133 3258 adsignat,
1154 3178 1239 3240 facile
1262 3197 1364 3241 omnes

180 3295 217 3355 ad
237 3291 352 3353 unicam
373 3289 494 3353 Carteiii
514 3291 614 3353 reduci
636 3291 771 3369 possunt,
798 3293 908 3354 scilicet
928 3293 997 3370 quia
1018 3295 1158 3356 voluntat
1176 3292 1303 3355 humana
1322 3293 1363 3354 est

178 3403 284 3478 libera,
305 3417 336 3464 et
353 3401 443 3464 latior
462 3402 629 3481 intellestu,
650 3403 709 3467 live
731 3421 765 3466 ut
786 3405 847 3482 ipse
867 3405 1051 3468 Verulamius
1073 3404 1167 3484 (riph.
1188 3406 1252 3486 49.)
1273 3406 1363 3486 magis

179 3514 302 3576 confuse
322 3515 471 3592 loquitur,
492 3514 561 3592 quia
582 3517 750 3578 lntellestua
767 3520 780 3557 ²
802 3516 918 3579 luminis
940 3516 1007 3578 srcci
1028 3535 1089 3578 non
1110 3518 1168 3594 est,
1187 3518 1237 3580 sed
1257 3517 1363 3594 recipit

178 3624 352 3687 infusionem
383 3643 399 3685 a
429 3627 594 3688 voluntate.
633 3627 819 3706 (Notandum
856 3627 926 3704 hic,
960 3631 1042 3705 quod
1072 3629 1257 3691 Verulamius
1286 3630 1363 3708 saepe

179 3734 278 3813 capiat
297 3735 475 3797 Intellectum
497 3754 550 3812 pro
571 3739 694 3814 Mente,
714 3738 744 3800 in
766 3757 827 3816 quo
849 3757 865 3799 a
886 3739 1018 3801 Cartesro
1038 3739 1162 3820 dissert.)
1188 3741 1272 3802 Hanc
1293 3759 1362 3821 ergo

180 3848 307 3925 causam,
333 3862 453 3910 ceteras
480 3865 515 3910 ut
543 3850 651 3911 nullius
680 3849 820 3912 momenti
849 3869 948 3927 parum
970 3855 1117 3929 curando,
1137 3853 1285 3914 ostendam
1307 3853 1362 3916 esse

180 3959 294 4036 salsam,
314 3961 397 4036 quod
418 3974 448 4021 et
469 3959 521 4036 ipsr
543 3959 627 4021 facile
648 3959 799 4038 vidissent,
820 3964 909 4025 modo
932 3962 1120 4025 attendissent
1140 3965 1177 4025 ad
1197 3964 1363 4041 hoe,quod

184 4095 460 4108 —ss

218 4153 224 4177 ¹
264 4145 330 4195 Vide
347 4145 449 4196 Ethiccs
466 4158 561 4209 partem
582 4161 600 4196 ι.
618 4149 649 4197 ab
669 4145 743 4198 initio
762 4147 886 4210 usquead
906 4149 980 4212 Prop.
998 4163 1023 4212 4.

216 4233 225 4259 ²
263 4227 330 4278 Vide
351 4227 489 4280 Verulamii
509 4231 610 4280 Novum
635 4231 763 4296 Organum
788 4228 833 4281 lib.
851 4247 870 4280 1.
887 4229 1038 4294 Apltorisrno
1056 4247 1098 4298 49.
1118 4229 1301 4296 [,‚1nterreetus
1318 4232 1352 4282 ltu

180 4323 267 4364 manue
284 4310 387 4365 luminis
403 4311 459 4364 sicci
477 4326 527 4362 non
547 4311 596 4375 cst,
614 4311 655 4364 sed
673 4313 763 4378 recipit
781 4313 928 4364 infusionem
946 4329 960 4363 a
979 4313 1111 4363 voluntate
1129 4327 1155 4364 et
1172 4312 1343 4380 allesiibus”.]
