2926 4896
230 411 268 473 id
675 395 880 490 ⁴Epistola
911 395 966 478 Vi.

225 585 363 649 latiffimis
383 587 442 650 suis
463 587 687 666 superficiebus,
707 603 738 650 et
757 589 816 652 hoc
837 591 927 652 modo
949 587 1041 666 ipfius
1062 607 1153 667 poros
1164 588 1417 668 obstruent,quae
1456 579 1457 582 '

227 699 313 764 causa
341 700 382 762 est
409 699 541 781 frigoris;
569 703 643 763 adde
671 704 753 780 quod
781 701 871 766 salivi
899 721 960 764 non
983 703 1082 780 potest
1100 703 1220 764 Nitrum
1241 701 1361 767 diffolvi
1381 705 1415 765 im

228 812 386 890 particulas
416 815 492 876 adeo
523 813 649 876 minutas
678 812 720 896 a).
752 815 811 876 Sed
840 813 879 892 fi,
910 831 976 876 cum
1006 815 1054 876 hae
1083 814 1234 892 particule
1262 815 1416 878 concitate

226 941 401 1003 moventur,
427 925 534 1006 lingue
562 926 767 1003 imponantur,
788 943 943 989 occurrent
964 926 1017 1004 ipii
1041 927 1224 991 acutioribus
1245 927 1414 1006 superficie-

226 1039 299 1116 bus,
326 1052 356 1100 et
378 1055 430 1115 per
457 1037 522 1112 ejus
542 1055 632 1115 poros
652 1038 684 1100 se
712 1037 917 1117 infinuabunt,
936 1055 967 1102 et
988 1057 1049 1118 quo
1071 1039 1249 1102 concitatius
1269 1057 1414 1104 movean-

226 1167 291 1228 tur,
322 1168 360 1212 eo
386 1150 481 1212 acrius
512 1149 639 1230 linguam
671 1166 822 1231 pungent,
849 1169 886 1214 eo
907 1151 940 1232 b)
962 1153 1052 1214 modo
1073 1170 1107 1213 ac
1127 1153 1156 1232 c)
1177 1169 1263 1230 acus,
1285 1152 1413 1230 quae,ii

224 1263 331 1343 lingue
352 1277 486 1326 occursat
506 1261 643 1340 cuspide,
671 1278 723 1326 aut
743 1262 794 1326 sua
813 1263 1001 1344 longitudine
1020 1261 1077 1341 ipss
1094 1264 1261 1342 incumbat,
1282 1263 1413 1328 diversas

225 1375 295 1437 oriri
316 1375 405 1438 faciet
426 1375 614 1438 sensationea
721 1433 724 1442 .

265 1486 360 1552 Causa
380 1506 452 1551 vero
473 1489 525 1568 d),
545 1507 597 1551 cur
617 1487 735 1550 Nurum
756 1489 793 1550 fit
814 1489 1034 1566 inflammabile,
1051 1488 1179 1567 Spiritus
1195 1503 1293 1551 autem
1301 1489 1339 1569 s)'
1349 1507 1411 1552 non

224 1599 380 1679 item,est,
401 1600 486 1679 quia,
507 1619 573 1663 curn
594 1599 746 1678 particule
766 1601 845 1664 Nitri
866 1602 1021 1681 quiescunt
1037 1601 1098 1682 f),
1118 1600 1267 1666 difficilius
1287 1605 1324 1664 ab
1343 1602 1411 1682 igne

225 1712 335 1776 sursum
371 1711 438 1776 ferri
473 1711 608 1791 possunt,
648 1731 734 1791 quam
765 1729 831 1776 cum
862 1713 1013 1791 proprium
1043 1714 1145 1777 versus
1177 1731 1278 1776 omnes
1308 1728 1410 1791 partes

225 1825 354 1887 habeant
384 1840 516 1904 motum,
546 1825 694 1904 ideoque,
725 1845 792 1888 cum
824 1825 995 1904 quiescunt,
1025 1825 1138 1888 tamdiu
1168 1825 1229 1906 igni
1259 1824 1412 1902 refistunt,

225 1939 320 2000 donec
347 1937 422 2018 ignis
450 1955 499 1999 cas
518 1941 554 1999 ab
576 1937 703 2002 invicem
724 1937 854 2016 separet,
875 1953 965 2018 atque
985 1941 1182 2017 undequaque
1205 1936 1320 2018 cingat;
1342 1957 1411 2000 cum

225 2066 298 2113 vero
326 2047 403 2126 ipsas
430 2049 537 2130 cingit,
564 2049 623 2112 huc
651 2051 720 2113 illuc
741 2050 818 2128 ipsas
839 2051 934 2114 secum
955 2051 1048 2128 rapit,
1069 2054 1165 2113 donec
1187 2049 1338 2128 proprium
1360 2069 1411 2112 ac·
1456 2123 1457 2136 χ

225 2161 342 2240 quirent
374 2179 502 2240 motum,
532 2178 563 2226 et
587 2164 624 2242 g)
654 2164 762 2227 sursum
783 2163 813 2234 in
839 2166 949 2227 fumum
975 2167 1080 2226 abeant
1102 2162 1146 2243 lt).
1172 2165 1230 2226 Sed
1255 2162 1410 2241 particule
1456 2139 1457 2170 ¹

224 2273 343 2352 spiritus
369 2274 448 2337 Nitri
475 2275 519 2356 s),
546 2295 611 2339 cum
636 2275 697 2354 jam
723 2276 779 2340 iint
799 2277 830 2338 in
852 2293 952 2355 motu,
973 2293 1003 2339 et
1028 2279 1065 2338 ab
1094 2275 1219 2340 invicem
1249 2275 1410 2353 separatae,

223 2406 240 2449 a
261 2387 294 2466 k)
323 2405 417 2464 parvo
438 2389 535 2451 calore
556 2387 632 2468 ignis
652 2389 682 2450 in
704 2389 808 2468 majori
828 2389 938 2467 sphaeta
965 2391 1161 2467 undequaque
1181 2387 1342 2451 dilatantur
1361 2389 1409 2468 1),

223 2512 255 2560 et
275 2498 333 2563 hoe
361 2502 450 2563 modo
471 2500 512 2580 aa)
541 2503 673 2579 quedam
700 2501 730 2563 in
752 2504 862 2564 fumum
883 2503 1009 2579 abeunt,
1029 2499 1092 2562 aliae
1114 2499 1148 2582 n)
1168 2519 1221 2577 per
1240 2500 1411 2577 materiam,

224 2610 318 2690 ignem
340 2610 592 2689 suppeditantem,
612 2611 641 2674 se
662 2611 824 2690 infinuant,
847 2627 1003 2692 antequam
1025 2613 1137 2674 flamma
1156 2612 1186 2691 o)
1207 2613 1410 2690 undequaque

223 2722 394 2803 cingantur;
413 2723 542 2803 ideoque
563 2724 659 2804 ignem
681 2725 784 2802 potius
804 2725 983 2805 extinguunt
1004 2743 1090 2804 quant
1110 2726 1203 2788 alunt.

262 2835 380 2915 Pergam
396 2835 454 2914 jam
472 2840 510 2898 ad
527 2836 744 2915 experimenta,
761 2856 826 2916 que
843 2837 918 2899 hanc
926 2839 963 2918 p)
986 2837 1212 2914 explicationem
1224 2837 1256 2918 q)
1268 2854 1409 2914 compro-

221 2949 289 3010 bare
309 2946 455 3011 videntur.
475 2949 600 3011 Primum
621 2950 679 3027 est,
698 2953 782 3028 quod
801 2948 895 3026 reperi
906 2950 938 3029 r)
960 2948 1116 3026 particulas
1137 2947 1234 3024 Nitri,
1252 2947 1410 3024 quainter

222 3062 420 3124 detonandutn
440 3061 470 3123 in
492 3063 601 3124 fumum
630 3065 755 3138 abeunt,
782 3081 890 3125 merum
911 3059 965 3124 effe
987 3061 1108 3124 nitrum:
1130 3077 1210 3137 nam,
1232 3077 1298 3123 curu
1318 3058 1411 3122 semel

220 3187 310 3250 atque
322 3172 436 3235 ‘iterum
455 3173 573 3236 Nitrum
594 3173 817 3252 liquefacerem,
838 3177 935 3235 donec
962 3173 991 3252 s)
1012 3172 1192 3235 crucibulum
1213 3170 1283 3233 satis
1303 3169 1409 3234 incau-

221 3285 332 3362 duerit,
353 3300 443 3365 atque
464 3278 557 3364 pruni
577 3286 703 3349 micante
714 3288 741 3366 t)
763 3286 961 3364 incenderem,
981 3285 1046 3363 ejus
1067 3287 1178 3348 fumum
1199 3283 1289 3346 calice
1306 3284 1410 3348 vitreo

220 3395 327 3478 frigido
348 3396 470 3476 excepi,
496 3399 592 3460 donec
619 3399 656 3458 ab
686 3397 751 3474 ipso
778 3397 967 3476 irrotaretus,
994 3413 1025 3459 et
1052 3397 1153 3474 postea
1173 3397 1209 3476 u)
1229 3395 1325 3458 halitu
1346 3397 1410 3459 oris

256 3671 289 3742 s)
306 3673 486 3728 badelinus
499 3675 534 3742 fit
550 3685 596 3744 ope
613 3673 693 3744 ignis.
876 3675 906 3743 b)
923 3677 1016 3728 eodem.
1197 3676 1226 3742 c)
1243 3681 1330 3742 atque.

255 3755 288 3824 d)
306 3765 400 3809 autam.
566 3758 594 3824 e)
611 3767 643 3810 at
654 3757 776 3826 spiritur.
930 3757 968 3824 f>
987 3759 1046 3824 quia
1064 3769 1090 3826 ρ.
1106 3759 1173 3810 nitri
1190 3759 1407 3824 (quandoquidem

221 3837 377 3908 quiescunt).
567 3838 601 3908 g)
620 3850 647 3891 st
665 3849 725 3892 tuat.
933 3839 965 3907 i)
982 3842 1085 3893 adsunt.

256 3923 281 3990 ι)
299 3934 337 3990 sp.
354 3920 420 3974 nitri
434 3921 577 3990 particula.
778 3921 809 3988 ir)
827 3923 857 3974 L.
873 3921 969 3976 omittit
985 3939 1013 3976 a.

255 4003 281 4072 1)
299 4003 325 4056 is
341 4021 374 4057 st.
387 4003 447 4073 spi.
463 4003 547 4071 listins
565 4005 655 4072 sersus
672 4019 756 4057 onnes
770 4013 864 4072 pastas
881 4015 1020 4059 mouentur.
1164 4006 1204 4074 rs)
1222 4015 1249 4057 st
1262 4005 1305 4073 fic.

255 4087 287 4154 n)
304 4096 331 4139 et
348 4089 416 4139 siis.
564 4088 595 4154 o)
611 4103 627 4138 a
644 4085 758 4153 flamma.
904 4089 939 4156 p)
958 4091 1023 4141 dans
1039 4105 1128 4142 meam.

255 4171 285 4239 q)
303 4171 332 4222 L.
350 4170 436 4222 addita
450 4170 613 4239 piaenomeni.
853 4171 883 4238 r)
903 4179 941 4222 ι’.
958 4173 1019 4237 prtia
1037 4173 1146 4240 reperio.

254 4254 284 4322 s)
303 4256 402 4306 tamdiu
420 4253 545 4320 liquefieri
560 4253 680 4320 finenem,
697 4255 789 4320 quoad.
964 4255 990 4322 t)
1010 4257 1138 4323 ipsumque
1151 4267 1237 4324 pruna
1255 4256 1373 4310 micante.

254 4337 285 4403 ν)
303 4337 358 4402 ejus
381 4338 452 4403 furno
479 4337 582 4388 calicem
609 4337 718 4389 vitreum
745 4337 846 4402 (quent,
871 4346 901 4389 ut
924 4338 995 4407 fatis
1015 4337 1141 4407 frigidus
1164 4339 1237 4404 effes,
1259 4339 1408 4406 curabam),

222 4419 383 4482 irrorabant3
403 4435 434 4472 ac
447 4417 543 4486 ssstim.
