2926 4896
183 327 223 388 40
634 308 838 384 Epistola
870 307 920 368 XI.

182 484 249 548 viee
270 484 410 560 temporis
431 483 561 564 angustia
581 485 760 560 praecludor,
781 503 842 562 quo
863 483 959 547 minut
979 485 1096 567 evagari
1117 489 1154 549 ad
1175 487 1229 550 alia
1251 507 1370 566 queam.

183 599 306 658 Omnem
326 596 380 658 tibi
401 599 504 674 fidem,
524 615 590 674 que
611 600 647 658 ab
667 597 790 659 honesta
810 613 907 660 mente
928 597 1074 676 proficisci
1105 601 1220 678 potest,
1241 619 1375 663 omnem-

184 728 243 788 que
270 711 307 771 ad
334 709 448 787 quevis
475 708 587 786 officia,
608 729 674 788 qua
692 729 708 770 a
723 709 871 772 tenuitate
892 729 957 773 mea
976 711 1103 788 praestari
1123 728 1252 792 queunt,
1275 732 1376 790 prom·

184 824 364 902 ptitudinem
383 823 440 886 ribi
462 823 612 903 spondeo,
632 823 754 902 sumque
776 844 814 886 en
835 823 951 903 animo,
1454 805 1455 810 ἵ

782 971 842 1032 Vr'r
862 973 992 1052 optime,
1012 985 1079 1032 tuus
1099 991 1137 1032 ex
1156 973 1233 1052 affe,

930 1085 1043 1146 Heun.
1064 1085 1292 1146 Ouurtnaurtu.

226 1161 335 1214 Londini
353 1160 394 1213 die
412 1177 437 1224 3.
453 1161 536 1227 April.
555 1159 628 1226 1663.

689 1409 856 1420 ——

542 1602 710 1662 Erusroun
732 1601 789 1661 XII
820 1601 903 1666 (otiu
927 1601 1023 1666 xxrx).

494 1752 568 1813 Viro
588 1751 745 1834 Dosirffimo
765 1765 854 1829 atque
873 1752 1076 1832 Expertifflmo
1273 1775 1322 1821 χ

442 1888 800 1952 LUDOVICO
850 1889 1078 1950 MEYER
1110 1889 1135 1949 *.

711 2030 743 2090 Β.
765 2047 797 2090 n.
818 2031 847 2091 S.

206 2169 329 2236 [Videtur
343 2168 425 2232 hujus
448 2169 567 2236 Epistolae
584 2173 767 2239 autographum
787 2186 854 2223 anno
874 2169 938 2224 1860
955 2187 987 2223 ert
1004 2171 1122 2224 auttione
1145 2172 1267 2224 librorum
1284 2175 1360 2224 MSS.

336 2255 363 2322 J.
376 2256 403 2323 J.
420 2268 469 2306 van
487 2252 595 2316 Voorll‚
612 2253 886 2322 Amstelodamisasta,
903 2253 928 2306 in
947 2256 1060 2307 Durandi
1078 2254 1226 2320 bibliopolae

587 2337 725 2390 Parlllensss
742 2352 829 2390 rnanus
848 2335 990 2405 transiisse]

327 2464 425 2525 Amice
439 2463 618 2542 fingulart‘s,

227 2594 309 2654 Duas
330 2593 382 2653 abs
403 2607 434 2653 te
455 2591 555 2669 accepi
577 2591 740 2668 Epistulas,
761 2609 848 2653 urtam
869 2590 917 2652 die
941 2591 1128 2672 11.Januarii
1150 2594 1264 2668 datarn,
1285 2607 1316 2653 et
1338 2595 1377 2652 ah
1454 2667 1455 2672 ἵ

187 2705 282 2766 amico
313 2707 352 2766 N.
373 2707 413 2766 N.
434 2705 466 2738 **
487 2703 557 2765 mihi
589 2703 743 2780 traditam,
773 2705 891 2764 alteram
914 2720 986 2767 vero
1008 2705 1056 2764 26.
1078 2702 1126 2764 die
1147 2702 1266 2784 Martii,
1287 2719 1319 2765 et
1340 2707 1379 2764 ab

187 2815 281 2878 amico
302 2815 400 2877 nescio
422 2834 483 2893 quo
503 2814 598 2876 Leida
619 2813 736 2875 missam.
778 2816 922 2894 Pergratae
945 2814 1016 2875 mihi
1038 2818 1129 2876 ambae
1150 2816 1287 2894 fuerunt;
1300 2834 1377 2892 prae·

187 2929 274 3005 cipue
295 2927 346 2989 ubi
368 2945 405 2988 ex
426 2926 480 3004 iis,
501 2926 600 2988 omnia
620 2941 673 2988 tua
695 2926 806 3002 optime
827 2925 856 2987 se
877 2926 1005 3003 habere,
1025 2943 1115 3004 teque
1137 2927 1193 2989 mei
1216 2927 1293 3005 saepe
1316 2947 1378 2989 me·

187 3058 312 3117 morem,
339 3037 481 3103 intellexi.
522 3040 614 3102 Porro
643 3057 697 3115 pro
726 3056 778 3101 tua
806 3057 872 3118 erga
901 3057 946 3099 me
966 3039 1169 3116 humanitate,
1190 3054 1220 3100 et
1240 3039 1380 3114 honore,

187 3171 249 3230 quo
280 3150 390 3228 semper
421 3169 465 3212 me
496 3150 633 3230 dignatus
664 3169 696 3212 es
727 3150 856 3228 afficere,
888 3150 1043 3226 maximas,
1074 3169 1148 3228 quas
1180 3152 1295 3226 debeo,
1316 3170 1376 3230 ago

187 3265 311 3346 gratian,
341 3263 481 3341 stmulque
513 3281 633 3340 precor,
664 3279 698 3326 ut
730 3283 775 3325 me
806 3263 861 3325 tibi
882 3281 943 3324 non
965 3263 1061 3326 minus
1081 3263 1229 3327 addietum
1251 3266 1375 3341 credas,

188 3380 270 3455 quod
301 3375 411 3454 semper
441 3377 509 3438 data
540 3375 709 3451 occasrone,
740 3392 882 3453 quantum
909 3394 973 3437 mea
994 3377 1068 3437 ferre
1089 3375 1200 3452 poterit
1220 3377 1374 3452 tenuitas,

188 3490 338 3551 ostendere
366 3492 506 3551 conabor.
547 3490 649 3566 Atque
677 3489 735 3549 hoc
763 3504 797 3550 ut
824 3488 979 3565 incipiam,
1007 3492 1044 3551 ad
1071 3488 1118 3566 id,
1147 3493 1229 3567 quod
1257 3490 1288 3550 in
1309 3490 1374 3552 tuis

188 3601 327 3679 Epistolis
356 3621 394 3662 ex
421 3619 466 3662 me
494 3600 617 3677 quaerr’s,
638 3600 813 3677 respondere
833 3603 952 3663 curabo.
994 3600 1074 3662 Petis
1095 3617 1210 3679 autem,
1231 3618 1280 3678 ut,
1301 3622 1371 3680 quae

189 3717 225 3776 de
247 3713 367 3774 Infinito
395 3713 564 3792 excogitata
593 3713 732 3789 habeam,
761 3712 815 3774 tibi
837 3713 1063 3792 communicem,
1085 3717 1168 3792 quod
1188 3713 1372 3775 libentillime

188 3825 302 3888 faciant.

229 3937 359 4021 Quaestio
381 3940 418 3999 de
438 3937 559 3999 Infinito
581 3937 716 3999 omnibus
738 3936 848 4014 semper
868 3935 1057 4012 difficillima,
1077 3935 1136 3996 imo
1158 3934 1371 3996 inextricabilis

188 4050 250 4113 visa
271 4047 345 4126 fuit,
366 4063 522 4125 propterea
544 4051 626 4126 quod
647 4069 707 4110 non
728 4049 922 4113 distinxerunt
938 4049 1015 4132 inter
1031 4048 1078 4124 id,
1096 4048 1178 4124 quod
1189 4046 1239 4108 sua
1250 4051 1373 4123 natural,

222 4248 236 4278 ·
269 4245 317 4296 Ed.
334 4246 387 4297 Pru
404 4245 436 4296 L.
451 4245 490 4296 M.
506 4243 537 4296 P.
554 4245 592 4294 M.
612 4243 642 4311 Q.
659 4244 694 4294 D.
710 4243 744 4310 (l.
761 4259 783 4297 e.
801 4243 968 4310 Philosophiae
986 4243 1178 4312 hledlcinaeQue
1197 4240 1337 4309 Dostorl).

222 4330 250 4364 *¹³
283 4325 393 4384 Fortasse
410 4328 442 4382 de
459 4327 551 4390 vrtes;
567 4326 601 4378 cs.
619 4328 667 4392 Ep.
684 4329 741 4380 XV.
