2926 4896
508 361 714 438 Epistola
745 361 797 422 lV.
1206 377 1240 426 ιτ

77 536 217 612 manum,
236 535 354 600 suflicit.
374 537 472 618 Pergis
492 543 578 604 terrio
599 537 629 599 in
652 556 702 614 ea,
722 555 788 615 quae
815 536 973 614 proposui,
994 537 1137 616 objicere,
1158 539 1240 616 quod

77 647 220 710 Axiomata
245 665 308 710 non
336 648 403 711 sunt
431 649 507 715 inter
532 649 683 710 Notiones
711 667 881 712 communes
908 651 1092 712 numeranda.
1123 651 1181 712 Sed
1202 651 1238 712 de

76 760 123 820 hac
140 778 168 821 re
185 778 244 822 non
264 761 396 838 disputo.
424 762 533 824 Verum
562 760 649 823 etiam
671 763 708 823 de
729 761 858 839 ipsorum
879 762 1005 825 veritate
1025 761 1159 838 dubitas,
1180 761 1239 823 imo

76 871 145 950 quafi
174 872 279 936 videris
309 874 385 938 velle
416 873 585 951 ostendere,
620 893 720 936 eorum
752 874 929 937 contrarium
959 872 1049 954 magis
1081 873 1138 936 else
1168 892 1241 937 vero

76 985 160 1046 imile.
188 988 245 1048 Sed
275 989 413 1063 attende,
443 987 562 1064 quaeso,
591 965 628 1050 ad
660 987 879 1064 definitionem,
912 1004 998 1064 quam
1018 986 1191 1049 Substantia
1212 1002 1243 1048 et

75 1098 232 1160 decidentis
261 1098 349 1176 dedi,
379 1117 417 1160 ex
448 1117 506 1176 qua
536 1098 599 1161 haec
621 1098 719 1161 omnia
740 1100 965 1162 concluduntur.
986 1100 1081 1178 Nam,
1101 1118 1167 1162 cum
1189 1117 1241 1176 per

74 1209 253 1272 Substantiam
274 1209 435 1291 intelligam
455 1211 506 1289 id,
524 1213 606 1288 quod
626 1228 678 1288 ρετ
698 1211 727 1273 se
747 1225 778 1272 et
798 1211 827 1272 in
849 1211 878 1273 se
899 1211 1083 1288 concipitur,
1103 1211 1161 1274 hoc
1183 1211 1242 1288 est,

74 1323 147 1398 ctrjtra
175 1339 341 1400 conceptus
370 1342 430 1385 non
460 1323 591 1387 involuit
623 1338 800 1400 conceptum
832 1323 950 1386 alterius
976 1321 1035 1401 rei;
1055 1342 1108 1402 per
1128 1325 1242 1388 modili-

73 1433 204 1496 cationem
224 1449 342 1513 autem,
362 1435 422 1500 five
441 1455 494 1513 ρετ
512 1436 682 1514 Accidens,
702 1435 733 1497 id
753 1438 835 1512 quod
855 1437 886 1497 in
909 1435 967 1497 alio
989 1436 1047 1512 est,
1068 1452 1099 1498 et
1120 1455 1172 1514 per
1192 1437 1241 1515 id,

72 1543 97 1605 in
122 1564 180 1623 quo
206 1547 266 1624 eil,
295 1547 480 1626 concipinm3
507 1547 576 1610 hinc
598 1548 673 1610 clare
694 1546 825 1623 constat,
843 1551 937 1628 primo
944 1593 955 1624 ,
975 1551 1057 1627 quod
1077 1548 1244 1611 Substantia

72 1657 102 1718 irt
125 1659 201 1735 prior
227 1663 335 1722 naturl
361 1660 421 1722 suis
450 1659 676 1725 decidentibus.
704 1660 781 1720 Nam
808 1658 872 1720 lraee
898 1658 957 1721 stne
978 1659 1027 1720 illa
1047 1678 1102 1721 nee
1123 1660 1244 1722 exiliere

72 1789 118 1832 nec
136 1772 252 1850 concipi
273 1772 404 1850 poliunt.
425 1773 568 1850 Secundo,
589 1775 672 1850 quod
692 1787 797 1849 preter
818 1771 997 1833 Substantias
1018 1787 1049 1833 et
1069 1771 1244 1835 decidentia

71 1885 134 1946 nihil
151 1889 238 1950 detur
257 1886 391 1965 realiter,
410 1885 471 1950 srve
492 1902 576 1948 extra
596 1885 783 1948 intelledlum.
814 1886 890 1948 Nem
911 1883 1053 1962 quicquid
1074 1887 1176 1960 datur,
1196 1887 1244 1948 vel

72 1996 168 2072 perse
196 2000 244 2061 vel
272 2017 326 2076 ρετ
352 1997 431 2060 aliud
460 1997 644 2075 coneipitur,
672 2012 703 2058 et
730 1995 820 2072 iplius
847 2009 1012 2072 conceptus
1038 1998 1087 2058 vel
1115 1996 1245 2062 involvit

74 2126 240 2188 conceptum
271 2110 391 2173 alterius
421 2110 480 2187 rei,
509 2111 558 2175 vel
589 2127 650 2174 non
680 2107 819 2172 involvit.
855 2108 967 2186 Tertio,
993 2110 1157 2186 quadres,
1178 2127 1243 2186 quae

73 2221 174 2284 diversa
194 2223 308 2285 habent
329 2223 489 2300 attributa,
515 2222 588 2284 nihil
604 2222 716 2287 habent
736 2221 812 2282 inter
832 2220 861 2282 se
883 2237 1045 2282 commune.
1075 2221 1130 2281 Per
1149 2220 1244 2284 Attri-

72 2335 166 2396 butum
196 2337 275 2398 enim
309 2335 437 2412 explicui
465 2335 513 2413 id,
540 2333 625 2413 cujus
653 2348 816 2412 conceptus
835 2351 896 2394 non
917 2331 1047 2396 involvit
1067 2347 1244 2410 conceptum

71 2445 179 2508 alterius
198 2447 250 2508 rei.
276 2447 386 2525 Quarta
409 2446 552 2525 denique,
574 2449 656 2524 quod
676 2463 787 2524 rerum,
807 2463 873 2523 quae
891 2444 963 2506 nihil
973 2461 1125 2507 commune
1135 2444 1244 2506 habent

72 2555 139 2618 inter
157 2557 203 2633 se,
230 2577 292 2620 una
320 2558 439 2620 alterius
460 2558 546 2622 causa
566 2557 623 2620 elie
652 2576 713 2620 non
734 2555 840 2634 potest.
866 2558 959 2633 Nam,
980 2573 1045 2618 cum
1066 2555 1138 2619 nihil
1157 2555 1192 2617 stt
1212 2556 1243 2618 in

72 2669 168 2732 effellu
186 2688 344 2733 commune
364 2689 429 2732 cum
450 2670 551 2746 causa,
572 2684 670 2732 totum
677 2715 687 2746 ,
708 2671 790 2746 quod
809 2667 947 2746 haberet,
966 2668 1086 2732 haberet
1106 2689 1124 2732 a
1141 2669 1243 2732 nihilo.

72 2781 152 2862 Quod
181 2799 283 2845 autem
314 2784 425 2860 adfers,
458 2784 540 2860 quod
570 2783 653 2843 Deua
682 2780 755 2844 nihil
786 2780 945 2844 formaliter
965 2799 1118 2844 commune
1137 2782 1244 2845 habeat

71 2911 129 2955 cum
146 2898 233 2958 rebus
254 2897 377 2975 creatis,
399 2910 473 2973 ete,
494 2913 550 2976 ego
571 2893 689 2971 prorsus
709 2895 885 2956 contrarium
907 2895 993 2957 statui
1013 2894 1044 2955 in
1061 2911 1124 2956 mea
1142 2896 1243 2958 defini-

70 3004 153 3068 tione.
173 3007 246 3070 Dixi
270 3007 362 3085 enirn,
383 3009 478 3070 Deum
500 3005 556 3069 elie
576 3007 638 3068 Ena
656 3006 792 3067 constans
808 3005 1243 3084 infinitis-attributis,qu0rum

71 3123 293 3197 utrumquodque
321 3120 362 3182 erl
387 3119 551 3196 infinitum,
579 3116 638 3182 live
665 3117 773 3182 summe
801 3119 977 3197 perfeetum,
1003 3119 1034 3181 in
1054 3117 1107 3182 suo
1128 3138 1242 3200 genere.

71 3228 152 3308 Quod
178 3247 278 3293 autem
299 3231 395 3293 adfers
415 3231 446 3292 in
468 3231 587 3307 primam
614 3228 864 3307 Propulitionem3
884 3229 1001 3310 quaeso,
1021 3231 1060 3292 mi
1080 3231 1188 3308 amice,
1209 3247 1253 3294 ut

71 3341 388 3421 confideres,lromines
409 3361 470 3404 non
492 3343 599 3418 creari,
618 3343 669 3405 sed
689 3357 804 3404 tantum
825 3342 969 3422 generari,
990 3357 1021 3404 et
1041 3345 1123 3420 quod
1144 3361 1244 3406 eorum

72 3469 185 3528 corpora
208 3455 271 3533 jam
299 3468 383 3516 antea
412 3452 592 3530 exiliebant,
619 3453 753 3531 quamvis
780 3453 839 3516 alio
860 3456 949 3517 modo
971 3455 1103 3516 lormata.
1134 3431 1258 3517 Verum'

71 3563 122 3626 hoc
148 3565 353 3642 concluditur,
379 3568 463 3644 quod
488 3565 615 3627 libenter
641 3565 729 3628 etiam
756 3567 868 3643 fateor,
895 3565 1006 3628 scilicet
1026 3569 1123 3645 quod,
1143 3565 1164 3631 sl
1186 3586 1244 3631 una

72 3693 130 3749 pars
159 3678 285 3739 materiae
317 3677 541 3754 annihilaretur,
571 3676 652 3740 limul
683 3677 772 3738 etiam
799 3692 865 3740 tota
885 3677 1026 3740 Extensto
1048 3679 1243 3743 evanesceret.

73 3785 194 3850 &cunda
216 3805 314 3850 autem
336 3787 503 3865 Propulitio
525 3805 585 3850 non
607 3789 716 3849 multos
736 3788 818 3849 Deos
838 3787 926 3866 facit,
947 3787 996 3852 sed
1016 3804 1130 3852 tantum
1143 3807 1242 3866 unum,

72 3894 173 3960 scilicet
193 3899 376 3962 constantem
397 3899 520 3962 infinitis
541 3899 707 3976 attributis,
729 3915 786 3960 etc.
