2926 4896
490 381 698 470 Epistoia
729 375 782 452 Vi.
1195 393 1233 462 ιγ

61 563 167 624 calicem
197 563 286 626 etiam
321 568 395 628 ultra
426 567 567 628 madefeci
587 567 639 646 a),
667 581 696 626 et
718 567 835 627 tandem
857 565 888 644 b)
915 563 925 604 ¹
950 563 1096 626 aericum
1125 562 1233 640 frigido

61 675 188 754 exposui,
216 693 250 740 ut
282 677 440 740 siccaretur
459 681 498 755 c).
538 680 609 762 Quo
637 679 715 740 sablo
742 678 790 738 hic
811 677 870 738 illic
889 677 921 738 in
941 676 1031 738 calice
1053 677 1092 755 d)
1115 675 1232 736 stitiolae

60 788 128 848 Nini
147 807 355 866 apparuerunt.
376 791 416 852 Et
437 807 470 853 ut
492 791 588 854 minus
609 788 783 867 suspicarer,
804 790 834 852 id
855 807 916 852 non
937 808 975 851 er
995 787 1066 850 solia
1082 787 1234 865 particulis

59 901 216 962 volatilibus
243 903 326 979 lieri,
353 901 402 964 sed
433 905 514 979 quod
534 903 613 964 sorte
634 903 745 963 liamma
766 917 864 979 partes
885 902 1014 980 integrat
1035 900 1116 962 Nitri
1137 899 1234 962 secum

58 1027 158 1088 raperet
186 1013 233 1092 (ut
263 1014 426 1076 secundum
447 1013 594 1074 Clarissimi
614 1013 681 1075 Viri
701 1015 730 1094 e)
750 1012 922 1076 sententiam
944 1014 1082 1093 loquar),
1104 1029 1134 1074 et
1161 1014 1234 1074 lixas

58 1121 127 1183 smol
146 1142 210 1186 cum
232 1126 423 1202 volatilibus,
440 1143 594 1204 antequam
616 1126 852 1204 dissolverentur,
869 1145 907 1188 ex
924 1127 953 1188 sc
972 1125 1233 1204 expelleret3lroc,

57 1233 176 1311 inquam,
197 1251 231 1298 ut
253 1239 352 1300 minus
371 1237 545 1316 suspicarer,
566 1240 677 1300 sumum
699 1257 751 1315 per
770 1241 875 1302 tubum
896 1240 971 1300 ultra
994 1241 1096 1315 pedem
1101 1239 1128 1316 s
1129 1240 1143 1318 )
1165 1240 1230 1300 lon-

250 1367 338 1428 gum,
365 1364 399 1411 ut
427 1352 472 1426 Α,
500 1350 579 1428 quasa
607 1369 659 1428 per
687 1351 829 1412 caminum
851 1349 1025 1412 adscendere
1047 1351 1105 1410 seci
1122 1350 1177 1429 g),
1199 1366 1232 1412 ut
1310 1359 1313 1366 '

249 1471 350 1530 partes
370 1454 593 1530 ponderosorcs
612 1457 688 1518 tubo
710 1455 891 1517 adhaererent
912 1453 965 1534 h),
992 1469 1022 1516 et
1051 1453 1126 1516 solas
1148 1457 1231 1518 vola-

249 1557 385 1634 tiliorea,
417 1577 467 1634 per
497 1557 646 1640 angustius
680 1559 885 1622 foraminulum
914 1560 942 1638 a)
973 1559 996 1618 B
1027 1558 1231 1634 transeuntes,

249 1663 437 1741 exciperem
467 1665 500 1743 k)
532 1680 562 1725 ct
593 1681 654 1740 res,
686 1663 730 1724 uti
760 1663 840 1738 dixi,
878 1663 1017 1725 successit.
1058 1664 1169 1724 Verum
1200 1664 1230 1742 l)

250 1785 349 1844 neque
369 1767 418 1828 hic
439 1767 586 1830 subsistere
602 1768 643 1847 m)
673 1767 775 1844 uolui;
794 1767 859 1844 sed,
880 1783 914 1829 ut
935 1785 994 1828 rem
1016 1765 1139 1828 ulterius
1161 1785 1230 1827 exa·

249 1873 405 1949 minacem,
425 1873 561 1951 majorem
582 1872 778 1950 quantitatem
798 1872 878 1934 Nitri
900 1873 1001 1950 accepi
1016 1872 1232 1952 n),liquefeci,

249 1993 280 2038 et
309 1981 401 2054 prund
428 1979 551 2039 micante
573 1979 602 2058 o)
638 1977 772 2053 incendi,
800 1994 907 2055 atque,
933 1978 978 2038 uti
999 1993 1107 2053 antea,
1126 1980 1231 2040 tubum

248 2085 279 2142 ll
293 2083 331 2161 p)
349 2081 501 2143 cmcibulo
520 2081 662 2158 imposui,
680 2097 710 2142 et
726 2083 814 2160 juxta
835 2083 869 2164 q)
890 2084 1020 2143 foramen
1041 2083 1232 2160 B,quamdiu

249 2191 361 2250 damma
373 2189 490 2252 duravit
501 2190 551 2269 r),
561 2173 712 2250 fioltulum
723 2187 833 2264 speculi
844 2188 873 2266 s)
885 2190 1020 2250 tenebam
1028 2233 1038 2264 ,
1053 2189 1101 2251 cui
1112 2189 1231 2250 materia

248 2297 383 2372 quaedam
403 2293 537 2370 adbaefit,
558 2311 623 2371 quae
644 2292 701 2354 adri
722 2290 855 2370 expolita
875 2291 1055 2369 liquescebat
1073 2294 1115 2373 t),
1136 2308 1165 2355 et
1178 2296 1232 2374 v),

57 2405 177 2476 quamuis
199 2405 317 2484 aliquot
338 2407 401 2468 dies
422 2404 664 2482 exspectaverim,
686 2405 795 2466 nullum
816 2404 852 2482 x)
874 2403 953 2466 Nitri
975 2405 1109 2468 eliedium
1131 2407 1231 2468 obscr-

57 2533 114 2574 vare
140 2519 247 2594 putui;
276 2517 341 2593 sed,
370 2517 523 2595 postquam
553 2516 685 2593 spiritum
713 2515 792 2577 Nitri
823 2515 1024 2591 effundebam,
1054 2516 1083 2576 in
1113 2517 1231 2578 Nitrum

58 2629 263 2708 notabatury).
284 2630 330 2690 Ex
352 2647 413 2706 quo
423 2631 456 2710 z)
479 2630 584 2693 videor
604 2627 684 2704 polle
702 2629 895 2703 concludere,
910 2632 1024 2707 primo,
1041 2631 1122 2704 quod
1134 2644 1231 2705 partes

56 2735 111 2796 lira
140 2739 216 2801 inter
246 2741 417 2817 liquandum
438 2761 453 2802 a
475 2741 648 2806 volatilibus
679 2740 847 2818 separantur
867 2741 939 2820 aa),
960 2755 990 2802 ct
1013 2745 1094 2818 quod
1116 2743 1227 2804 flamma

57 2927 311 2952 Ἢ

83 3059 112 3116 ai
129 3063 181 3114 nal.
199 3063 256 3114 orie
274 3078 327 3114 eune
345 3063 456 3114 ulterius
474 3063 656 3116 numerandam.
828 3061 858 3127 b)
876 3077 906 3115 ae
924 3063 1025 3114 deinde.

88 3145 175 3196 'Carnu
200 3148 256 3198 hauc
281 3147 446 3210 experiebar,
461 3148 506 3197 ner
527 3159 581 3198 erat
608 3143 777 3198 serenillimus.
803 3141 851 3210 [Le
876 3146 934 3199 NB.
952 3147 997 3197 loc
1015 3155 1127 3212 tempore
1139 3143 1231 3210 sereno

58 3225 120 3276 delet
132 3228 214 3296 fieri]

84 3309 108 3371 c)
125 3313 287 3378 exponebam.
437 3313 469 3378 d)
488 3321 513 3362 et
528 3313 653 3379 postquam
671 3313 745 3364 calin
762 3313 794 3364 ab
812 3327 873 3364 aere
886 3313 1038 3378 secaretur,
1055 3311 1094 3359 bic
1112 3309 1176 3359 illic.

85 3390 110 3456 e)
128 3391 167 3444 Cl.
184 3395 296 3446 autoris.
313 3395 467 3446 Parentlaells
484 3408 542 3447 ante
556 3395 640 3461 secum
658 3405 774 3462 raperet.
873 3395 917 3461 s)
935 3395 993 3462 plus
1011 3407 1084 3458 quana
1098 3391 1174 3458 pede.

84 3475 114 3540 g)
130 3493 152 3540 a.
166 3489 216 3544 per
234 3493 298 3529 cam.
312 3479 403 3545 prius,
419 3488 448 3528 ut
465 3479 614 3544 ascenderet
625 3478 771 3543 faciebam.
888 3478 920 3544 lu)
939 3479 1072 3527 sererent.

85 3556 107 3618 ι’)
117 3557 250 3621 soramen.
351 3561 381 3625 k)
399 3563 420 3611 L
437 3561 522 3612 addit:
546 3572 572 3612 et
591 3561 670 3612 etiam
686 3573 793 3628 paruum
814 3561 880 3612 nitri
898 3560 1073 3626 quantitatem
1087 3556 1232 3622 sumebam,

59 3647 83 3686 tt
96 3637 193 3702 sennan
214 3644 327 3710 demissae
344 3643 512 3710 (demissior),
528 3654 606 3710 atque
622 3646 704 3695 minue
720 3646 850 3696 concitata
865 3643 948 3709 foret.

86 3721 281 3787 Osaceedelat.
297 3725 388 3778 Porro.
520 3730 555 3789 nu)
569 3726 660 3793 fislere.
795 3727 827 3792 n)
841 3725 925 3791 sumfi.
1048 3722 1077 3788 o)
1094 3723 1209 3772 micanti.

84 3805 113 3870 p)
130 3823 173 3870 quo
189 3809 261 3874 sado
280 3810 364 3862 tubum
383 3811 407 3860 A
424 3813 556 3872 continuo,
573 3820 602 3861 ut
619 3819 708 3862 antea.
883 3809 914 3875 q)
926 3806 1016 3875 super.

86 3901 98 3936 r
128 3892 278 3945 donauerat.
494 3894 522 3960 a)
543 3893 644 3944 Vitrum
658 3895 775 3961 planum·

128 3974 333 4038 lumedabatur,
350 3978 416 4027 rande
430 3975 516 4043 [latim
534 3977 629 4042 conjeci
647 3991 702 4028 eam
721 3991 754 4028 en
766 3976 838 4042 salis
853 3975 975 4042 partibus
989 3973 1054 4038 fiais
1071 3970 1190 4036 conflare.

134 4141 278 4206 repedari,
294 4143 374 4194 ullam
390 4142 514 4207 ,idriolam
532 4145 612 4206 nitri,
629 4157 708 4208 neque
725 4143 845 4208 aliquem.

85 4235 100 4280 1
126 4221 186 4286 sed,
205 4239 236 4274 eat
252 4223 371 4292 affufione
385 4225 497 4293 spiritus
514 4227 594 4289 nitri,
608 4225 693 4290 [latim
712 4226 807 4276 nitrum
825 4225 885 4274 inde
902 4224 1043 4274 oriebatur.

87 4315 102 4350 2
145 4323 194 4359 uar
207 4342 217 4361 .

89 4303 226 4456 aijqqamer,
245 4397 315 4445 inter
334 4395 481 4460 liquandam
497 4403 590 4460 partes
609 4393 674 4443 nitrl
691 4408 707 4443 a
723 4391 784 4456 sale
798 4391 844 4442 illo
859 4387 910 4454 fixo
923 4388 980 4454 sep.

146 4477 169 4526 ll
1114 4483 1131 4522 a
