2926 4896
510 355 715 446 Epistola
746 354 799 430 Vl.
1157 323 1160 332 ι
1209 377 1246 444 19

66 543 266 622 adjunxissem,
295 563 360 622 quae
389 543 512 606 fortasis
532 544 566 622 a)
587 560 647 604 rem
669 541 785 618 prorsus
807 538 985 616 indicarent;
1007 539 1073 617 sed,
1093 540 1162 618 quia
1183 541 1247 602 aliia

66 660 145 719 mbas
172 659 291 734 prorsus
319 657 381 720 sum
410 657 577 733 distraetus,
604 657 634 717 in
664 655 748 716 aliam
776 653 976 730 occasionem,
1003 671 1056 718 tua
1084 656 1187 732 venia,
1214 657 1247 736 b)

67 770 207 847 differam,
226 785 260 832 et
282 773 319 833 ad
340 771 395 831 alia
416 772 546 832 notanda
568 785 694 847 pergam.

101 882 127 963 S.
148 895 177 958 5.
204 885 270 946 Ubi
289 883 344 944 Vir
364 883 536 944 Clarillimus
557 881 705 960 deligata
727 879 933 956 particularum
953 879 1032 942 Nitri
1054 881 1152 942 obiter
1172 881 1247 960 agit,

67 996 159 1070 culpat
188 996 356 1057 Modemos
385 994 566 1071 Scriptores,
593 995 675 1071 quod
704 991 794 1068 ipsam
815 993 844 1071 c)
873 1010 1022 1070 perperam
1044 992 1248 1070 exhibuerint,

66 1107 134 1167 inter
160 1125 238 1183 quos
267 1107 367 1168 nescio
395 1126 431 1168 an
461 1105 548 1167 etiam
577 1104 738 1167 Cartessum
759 1104 914 1184 intelligat.
955 1105 1031 1166 Eum
1053 1105 1074 1166 li
1094 1106 1249 1186 intelligit,

65 1219 134 1278 sorte
162 1237 201 1280 ex
230 1217 354 1280 aliorum
382 1217 467 1281 dietis
493 1217 588 1295 ipsum
617 1219 726 1294 culpat.
767 1218 844 1278 Nam
868 1217 1015 1280 Canestus
1036 1236 1096 1282 non
1117 1219 1250 1297 loquitur

64 1331 97 1388 de
120 1328 229 1390 talibus
258 1327 427 1405 particulis,
454 1347 520 1406 quae
547 1329 642 1392 oculis
663 1327 795 1404 conspici
816 1345 929 1406 queunt
951 1331 995 1408 d).
1035 1331 1142 1408 Neque
1172 1345 1247 1407 puto

65 1441 245 1504 Clarissimum
276 1443 380 1504 Vitunt
407 1441 569 1522 intelligere
589 1442 636 1520 e),
665 1444 765 1518 quod,
792 1440 813 1501 ii
841 1441 957 1502 siiriolae
977 1441 1056 1504 Nitti
1077 1443 1248 1504 abraderen-

64 1571 106 1613 tur
118 1553 177 1630 f),
204 1556 304 1616 donec
326 1554 356 1614 in
379 1553 614 1629 parallelipipeda
631 1553 685 1631 g),
713 1553 815 1615 autin
838 1551 921 1614 aliam
942 1571 1148 1632 quamcunque
1174 1556 1248 1633 figu-

64 1683 116 1724 ram
143 1681 330 1728 mutarentur
348 1664 402 1744 st),
430 1665 548 1727 Nittum
570 1664 625 1726 elie
646 1663 826 1742 desinerent;
847 1664 896 1728 sed
918 1668 995 1729 forte
1016 1665 1177 1747 Chymicos
1196 1668 1249 1730 ali·

63 1795 134 1854 quos
160 1793 250 1839 notat
272 1779 317 1857 a),
344 1779 395 1855 qui
423 1777 496 1840 nihil
527 1778 606 1840 aliud
634 1777 813 1854 admittunt,
842 1777 893 1838 nili
914 1782 996 1854 quod
1028 1779 1121 1840 oculia
1149 1779 1249 1842 videre

64 1907 90 1950 et
110 1891 245 1954 manibus
268 1893 386 1968 palpare
408 1890 525 1968 poliunt
546 1891 589 1970 k).

99 2001 124 2081 ς.
144 2021 173 2080 9.
216 2001 249 2064 Si
276 2003 335 2064 lroc
362 2003 593 2079 experimentum
623 2016 758 2064 accurate
780 2001 921 2079 potuiilet
941 2004 1019 2080 lieri,
1040 2004 1156 2080 prorsus
1176 2023 1248 2066 con·

64 2116 180 2176 firmaret
212 2117 263 2192 id,
294 2118 376 2193 quod
408 2116 583 2189 concludere
615 2117 751 2179 volebam
782 2133 819 2176 ex
850 2115 944 2192 primo
976 2116 1061 2192 sopra
1088 2133 1248 2178 memorato

65 2226 274 2302 experimento.

100 2337 124 2416 ς.
149 2355 194 2416 13.
238 2338 344 2416 Usque
366 2341 402 2400 ad
427 2339 472 2400 18.
495 2355 620 2402 conatur
637 2341 667 2420 Ι)
688 2339 742 2401 Vir
764 2339 937 2402 Clatisslmus
958 2339 1126 2418 ostendere,
1147 2359 1249 2402 omnes

67 2452 173 2512 castilas
194 2452 358 2529 qualitates
378 2455 504 2528 pendere
520 2471 536 2514 a
552 2452 616 2512 solo
637 2465 739 2528 motu,
758 2453 867 2530 ligura,
887 2467 916 2512 er
938 2453 1052 2514 caterio
1073 2454 1248 2514 mechanicis

66 2560 287 2640 affectionibus,
308 2583 382 2641 quas
403 2563 685 2640 demonstrationes,
706 2563 945 2640 quandoquidem
966 2581 982 2624 a
1003 2563 1161 2625 Clatiiiimo
1183 2564 1247 2628 vito

67 2691 119 2732 non
140 2690 282 2752 tanquam
304 2675 522 2738 Mathematicae
544 2677 746 2751 proferuntur,
769 2693 830 2737 non
852 2693 928 2752 opus
949 2674 990 2736 est
1011 2675 1189 2752 examinare,
1211 2695 1247 2738 an

67 2784 175 2857 prorsus
197 2786 389 2850 convincant.
430 2789 487 2849 Sed
509 2787 623 2849 interim
645 2787 762 2865 nescio,
783 2806 835 2850 cur
854 2787 1029 2850 Clarissimus
1050 2787 1105 2849 Vir
1125 2790 1167 2868 m)
1188 2789 1246 2850 hoc

67 2899 135 2957 adeo
165 2897 292 2959 sollicite
324 2916 447 2962 conetur
468 2906 501 2979 n)
533 2899 670 2978 colligere
700 2918 736 2960 ex
765 2899 823 2960 hoc
852 2899 905 2960 suo
933 2900 1154 2977 experimento;
1182 2919 1248 2962 curn

64 3007 117 3082 jam
143 3011 201 3073 ltoc
223 3030 240 3072 a
261 3012 449 3088 Verulamio,
476 3028 506 3073 et
533 3011 634 3089 postea
655 3029 671 3072 a
693 3010 823 3073 Catteso
851 3010 921 3073 satis
949 3011 1093 3090 superque
1126 3015 1246 3076 demon-

67 3121 176 3186 stratum
199 3125 236 3186 stt
256 3127 296 3204 o).
337 3126 445 3204 Neque
471 3125 580 3202 video,
604 3125 666 3186 hoc
694 3124 925 3200 experimentum
946 3126 1140 3188 luculentiora
1162 3127 1249 3188 nobis

68 3238 188 3308 prebere
220 3237 350 3314 indicia,
380 3256 466 3314 quarn
496 3238 551 3300 alia
583 3236 652 3298 satis
685 3237 775 3300 obvia
797 3237 1007 3314 experimenta.
1048 3238 1145 3313 Nam,
1166 3241 1248 3314 quod

68 3349 185 3410 calorem
214 3349 323 3411 attinet
339 3351 395 3429 p),
423 3369 459 3411 an
487 3350 563 3411 idem
585 3367 646 3410 non
673 3367 755 3426 aeque
777 3351 851 3411 clare
873 3365 994 3427 apparet
1016 3367 1053 3410 ex
1075 3367 1129 3424 eo,
1150 3353 1249 3426 quod,

68 3458 85 3517 i
110 3464 169 3522 duo
196 3461 294 3541 ligna,
320 3460 454 3538 quamvis
475 3460 597 3540 frigida,
616 3478 719 3522 contra
740 3459 770 3521 se
790 3460 917 3524 invicem
937 3461 1148 3537 confricentut,
1169 3463 1247 3524 flam·

68 3589 134 3632 nam
162 3591 200 3635 ex
232 3572 296 3634 solo
327 3573 379 3633 illo
410 3586 494 3634 motu
526 3573 722 3650 concipiant?
754 3575 836 3651 quod
867 3575 932 3635 calx
963 3573 1087 3650 inspersa
1118 3593 1193 3651 aqua
1215 3577 1247 3654 q)

69 3680 243 3748 incalescat?
271 3687 321 3748 Ad
349 3685 451 3748 sonum
477 3689 559 3764 quod
580 3685 704 3765 attinet,
726 3705 786 3748 non
807 3686 915 3764 video,
936 3687 1007 3764 quid
1027 3689 1057 3748 in
1079 3688 1136 3749 hoc
1158 3707 1248 3766 expe-

69 3794 186 3858 rimento
208 3798 300 3876 magia
321 3797 451 3859 notabile
472 3796 649 3873 reperiatur,
670 3816 756 3874 quam
775 3797 920 3874 repetitur
938 3798 967 3859 in
987 3817 1069 3876 aquae
1087 3800 1249 3861 communis

73 3913 342 3928 ψ--ι-ιι

99 3977 129 4030 a)
142 3967 261 4032 samse.
395 3968 425 4031 b)
442 3971 463 4018 L
479 3967 558 4020 addit:
576 3983 617 4019 aa.
750 3967 777 4033 c)
795 3983 861 4019 eant.
994 3967 1027 4033 d)
1042 3967 1150 4034 posunt.

101 4051 127 4114 e)
145 4049 178 4100 lit
192 4050 260 4116 sane
275 4052 406 4112 mirarer,
420 4051 441 4116 fi
457 4053 490 4102 tl.
507 4052 548 4103 νίν
566 4050 718 4117 intelligere
733 4051 808 4102 uelit.
952 4048 995 4113 s)
1014 4050 1179 4100 raderentur.

100 4133 131 4198 g)
146 4133 401 4200 parallelipipeduat.
535 4133 566 4199 lt)
585 4133 699 4184 Ladditt
716 4135 781 4198 quod
800 4134 900 4198 inquunt
912 4131 987 4196 suam
1006 4141 1127 4183 naturam
1144 4133 1248 4184 amitte·

72 4225 138 4278 tene,
155 4227 190 4268 et.
300 4217 325 4282 l)
342 4218 363 4267 Ι,
380 4217 463 4268 addita
481 4231 514 4268 ea
531 4231 615 4268 eorum
633 4230 737 4282 genere.
838 4215 868 4280 l)
884 4215 1006 4282 palpant.
1107 4215 1132 4279 l)
1150 4216 1250 4281 querit.

101 4303 137 4364 m)
151 4303 193 4352 tir
210 4303 243 4354 cs.
393 4301 426 4365 n)
444 4302 542 4366 quaerit.
693 4302 723 4365 o)
741 4301 790 4350 itaec
807 4333 815 4350 .
832 4332 841 4349 .
858 4333 866 4350 .
883 4332 891 4349 .
907 4297 1076 4363 demonstrata
1091 4299 1149 4364 fiat.

100 4383 130 4448 p)
147 4399 202 4435 nam
221 4385 304 4452 quoad
324 4399 347 4435 t.
364 4385 509 4434 decolore.
709 4383 739 4448 q)
757 4397 824 4447 aqna
843 4380 969 4450 inspersa.
