2926 4896
1236 373 1273 424 Π
1279 446 1280 455 .

85 541 176 610 fuiffe
198 541 383 610 didicimus.
407 541 456 608 Ea
480 561 578 624 vero,
601 561 697 624 quam
720 541 823 624 repeti
846 557 1002 608 curarunt
1015 539 1274 610 Schaarschmidt

84 685 116 733 et
146 665 342 748 hornbach,
372 667 429 732 vix
459 665 601 731 dubitari
632 661 739 750 potest
768 663 847 747 quin
879 661 919 730 lit
949 661 1130 749 philosophi
1169 666 1274 754 imago

83 788 171 855 veste
205 787 382 854 domestica
417 785 526 853 induti
549 783 571 868 ¹,
593 807 690 868 quam
726 783 806 851 teste
841 783 917 851 Seb.
951 783 1132 851 Kortholto
1166 787 1275 869 pinxit

81 911 202 994 hospes
224 912 294 995 ejus
316 909 482 998 Hagnous.

126 1033 301 1117 Tanquam
334 1031 500 1116 scripturae
535 1029 708 1116 specimina
742 1029 887 1097 dedimus
921 1030 1176 1120 photographica
1202 1049 1272 1100 arte

82 1154 241 1240 exprell'as
261 1153 422 1240 Epistulas
440 1152 562 1220 nostras
582 1152 715 1220 XXVII
727 1171 761 1220 et
773 1151 942 1236 XXVIII,
960 1153 1111 1220 Latinam
1130 1157 1274 1238 alteram,

81 1280 218 1343 alteram
248 1276 405 1343 Batavum
436 1277 551 1360 avitis,
577 1293 616 1342 ut
647 1294 726 1342 tunc
761 1274 925 1358 solebant,
962 1277 1128 1342 literarum
1160 1275 1274 1343 formis

81 1397 310 1482 conscriptam.

126 1520 244 1602 Itaque
270 1495 338 1606 jam
367 1519 517 1586 absoluto
545 1539 643 1604 opere
673 1517 771 1586 restat
801 1538 839 1586 ut
871 1521 987 1609 gratias
1020 1539 1148 1608 agamus
1178 1541 1274 1602 quam

79 1643 238 1708 maximas
260 1643 411 1708 omnibus
432 1643 489 1724 qui
511 1661 545 1710 et
566 1640 700 1709 confilio
722 1660 756 1708 et
778 1661 876 1726 opera
895 1641 951 1708 sua
971 1663 1030 1708 nos
1061 1641 1273 1728 adimarum,

80 1761 274 1846 lestorisque
304 1765 433 1829 veniam
462 1781 609 1848 petamus
631 1761 655 1829 fi
678 1765 758 1846 quid
782 1783 800 1828 a
823 1763 917 1829 nobis
945 1765 998 1830 vel
1029 1761 1273 1848 praeterruiss'um

82 1886 136 1949 vel
167 1901 339 1967 peccatum
368 1883 482 1952 fuerit.
527 1885 642 1969 Atque
671 1887 704 1952 in
735 1885 839 1969 priori
861 1884 991 1968 quidem
1014 1886 1182 1952 volumine
1205 1887 1272 1951 haec

82 2022 214 2071 tantum
239 2024 344 2072 errata
366 2008 460 2072 nobis
483 2007 641 2073 indicavit
664 2007 873 2095 Sigwartius:

126 2127 206 2217 Pag.
232 2149 296 2212 252
319 2127 367 2194 vs.
392 2151 424 2212 9.
451 2127 545 2208 Vtri3
569 2131 656 2218 lege:
682 2127 760 2195 Vtro
781 2167 827 2176 -
848 2149 881 2212 p.
898 2147 963 2214 259
986 2127 1130 2196 vfiaaf.
1148 2143 1274 2216 pruma

84 2247 262 2328 didata31.
278 2247 495 2335 praemeditata
516 2287 561 2298 -
583 2271 615 2334 p.
640 2271 704 2334 292
727 2249 775 2316 vs.
801 2255 818 2316 8
844 2249 907 2316 af.
930 2253 1045 2331 uelum
1067 2252 1090 2316 l.
1112 2253 1207 2316 ueluti
1228 2289 1273 2300 -

85 2391 117 2454 p.
142 2375 207 2455 385
229 2371 274 2437 vs.
299 2389 319 2455 ς
343 2393 361 2438 a
383 2371 409 2438 f.
431 2371 520 2452 Deo;
545 2375 566 2438 l.
589 2372 656 2438 Dei
677 2411 722 2421 —
752 2395 785 2457 p.
808 2393 870 2454 401
897 2370 943 2438 vs.
970 2377 1010 2439 16
1034 2371 1097 2438 af.
1125 2371 1271 2458 Conceffi3

85 2493 107 2556 l.
134 2489 279 2575 Concefflt
300 2531 346 2540 -
375 2513 407 2576 p.
430 2515 496 2576 412
527 2493 574 2560 vs.
598 2497 658 2561 ult.
683 2498 884 2583 propinqui53
915 2496 936 2559 l.
961 2498 1152 2583 propinquus
1174 2532 1220 2544 —
1241 2515 1272 2579 p.

39 2587 44 2597 ¹
87 2618 150 2694 418
175 2611 222 2680 vr:
253 2631 272 2696 ς
295 2635 314 2680 a
336 2613 360 2679 f.
390 2617 579 2704 cognitions3
611 2618 632 2681 l.
663 2619 844 2706 cognitionis
871 2655 916 2665 —
938 2639 970 2702 p.
995 2635 1057 2703 537
1081 2617 1127 2685 vs.
1150 2619 1273 2704 penult.

82 2749 140 2818 per
155 2736 282 2821 plure53
307 2737 329 2802 l.
345 2737 514 2822 perplures.

131 2858 187 2922 Sic
219 2857 316 2923 etiam
340 2879 374 2924 v.
399 2879 426 2924 c.
459 2860 492 2924 in
524 2881 555 2944 p.
583 2879 641 2926 101
669 2859 714 2926 vs.
740 2881 782 2942 14
804 2883 823 2928 a
845 2860 870 2928 f.
893 2859 976 2928 Ideae
998 2881 1134 2928 numero
1156 2864 1274 2947 plurali

88 2977 276 3066 legendum
306 2981 339 3044 in
371 3001 403 3064 p.
426 3001 491 3064 442
521 2979 568 3046 vs.
595 3001 633 3063 17
658 3003 676 3048 a
699 2981 723 3048 f.
746 2999 917 3056 ommno·
962 2983 1062 3072 Quod
1096 3001 1205 3052 autem
1239 2987 1272 3051 in

86 3100 177 3182 inp.
206 3119 242 3164 11
269 3119 344 3165 ann.
370 3121 384 3166 1
412 3102 487 3167 voci
509 3101 657 3187 causatur
688 3106 890 3193 negationem
913 3127 930 3170 a
953 3105 1056 3172 Paulo
1078 3104 1273 3190 propositam

86 3219 205 3286 addere
236 3222 418 3304 noluimus,
452 3224 643 3307 explanatur
677 3227 885 3292 annotatione
919 3249 950 3312 p.
978 3232 1038 3310 148
1063 3230 1180 3294 collata
1202 3247 1270 3316 pag.

88 3345 126 3406 61
159 3339 206 3408 vr:
240 3363 281 3406 12
303 3341 391 3426 sqq.;
424 3341 482 3409 etsi
513 3365 621 3428 nunc,
651 3348 737 3412 illam
768 3367 850 3436 aegre
880 3345 1069 3431 deiiderari,
1099 3349 1273 3436 Sigwartio

87 3463 234 3528 monenti
257 3464 395 3530 libenter
418 3464 633 3533 concedimus.

132 3583 198 3650 Sed
230 3601 264 3650 et
296 3587 328 3650 in
360 3587 418 3651 illo
449 3589 616 3654 volumine
644 3590 790 3672 quaedam
814 3591 876 3656 alia
897 3592 997 3657 latere
1020 3609 1052 3657 et
1076 3592 1109 3657 ln
1132 3592 1194 3658 hoc
1217 3593 1275 3660 ali-

91 3723 216 3785 quanto
249 3707 343 3789 plura
377 3726 541 3791 repertum
575 3710 617 3774 iri
650 3711 743 3777 facile
778 3711 935 3801 intelliget
969 3713 1155 3797 quicunque
1178 3715 1277 3781 verba

93 3823 229 3908 Latina,
252 3827 371 3893 nedum
394 3827 557 3897 Hebraica
579 3833 706 3915 pundlis
730 3831 901 3916 instrudia,
923 3836 1015 3918 prelo
1037 3834 1222 3922 subjecerit.

131 4405 139 4430 ¹
174 4402 216 4452 cl.
233 4400 358 4460 colenu,
373 4415 423 4454 art.
438 4403 513 4455 vill.
