2926 4896
211 391 250 460 50
640 369 845 454 Epistola
876 366 958 436 Xlll.

210 573 309 620 mento
340 556 445 618 clarius
476 570 565 632 atque
595 552 763 616 evidentius
791 549 873 630 sequi
880 595 890 626 ,
920 567 1005 627 quant
1026 565 1065 610 ex
1086 547 1150 608 aliie
1170 547 1270 608 multia
1292 546 1400 610 obviis

210 667 435 746 experimentis,
465 685 503 728 ert
531 667 640 743 quibua
668 679 765 726 tamen
784 663 843 724 boc
863 680 925 725 non
946 660 1103 726 evincitur.
1134 660 1227 742 Quod
1247 676 1322 722 vero
1341 659 1403 718 Vir

209 781 255 843 Cl.
285 781 343 856 ait,
374 781 403 841 se
433 780 496 841 hacc
527 777 576 840 sua
609 779 687 853 apud
717 777 791 838 alios
823 791 881 836 taur
914 775 989 836 clare
1010 773 1117 836 tradita
1138 786 1170 833 et
1190 773 1313 834 tractata
1333 789 1401 832 non

207 889 362 969 iuvenilia,
389 893 467 952 forte
495 889 605 968 aliquid
633 889 663 950 in
691 887 820 950 rationes
841 886 1002 948 Verulamii
1024 899 1053 947 er
1075 883 1211 960 Cattebi,
1230 885 1317 960 quod
1336 901 1399 962 ego

208 1005 307 1070 videre
340 1022 399 1066 non
431 1001 562 1080 polium,
592 1002 698 1078 habet,
729 1019 791 1078 quo
820 998 896 1076 ipsae
927 994 956 1059 se
976 999 1105 1060 refutare
1127 994 1206 1072 posse
1227 995 1400 1058 arbitratur.

209 1119 268 1178 Eae
287 1117 337 1178 lric
357 1135 417 1178 non
446 1117 564 1191 adfero,
592 1115 660 1190 quia
688 1131 748 1174 non
776 1127 852 1188 puto
873 1112 919 1174 cl.
940 1111 1044 1172 Virum
1066 1109 1143 1187 ipsas
1163 1109 1316 1188 ignotam
1336 1107 1400 1168 lroc

210 1247 306 1291 tamen
334 1229 444 1304 dicam,
462 1227 544 1304 ipsos
564 1225 650 1288 etlam
673 1223 811 1300 uoluirle,
833 1238 865 1285 ut
887 1241 952 1286 cum
975 1239 1075 1285 eorum
1096 1221 1226 1284 Ratione
1251 1219 1400 1282 conveni-

209 1355 274 1404 rent
304 1341 515 1414 Pbenomena;
545 1337 565 1398 st
598 1337 787 1400 nihilominus
809 1337 839 1398 in
860 1336 1035 1413 quibusdam
1056 1347 1242 1409 amaverunt,
1261 1333 1399 1394 homines

210 1456 346 1531 fuerunt3
376 1451 492 1515 humani
524 1449 596 1512 nillil
628 1453 664 1510 ab
696 1449 763 1527 ipris
794 1448 918 1510 alienum
951 1464 1035 1525 puto.
1056 1448 1110 1509 Ait
1132 1457 1238 1523 porro,
1259 1461 1398 1524 magnum

212 1563 364 1626 discrimen
394 1561 574 1624 intercedere
603 1555 679 1620 inter
709 1575 743 1620 ea
765 1557 870 1637 (obvia
891 1556 1001 1618 scilicet
1029 1571 1059 1618 er
1080 1555 1184 1632 dubia,
1205 1574 1271 1632 quae
1289 1554 1398 1628 attuli,

210 1673 421 1752 experimenta)
449 1672 525 1732 circa
553 1686 637 1747 quae,
658 1669 730 1746 quid
751 1669 862 1732 adferat
883 1671 1013 1744 Natura,
1034 1685 1159 1746 quaque
1180 1665 1397 1739 interveniant,

209 1786 392 1865 ignoramur,
422 1798 453 1846 et
484 1784 560 1844 inter
590 1799 643 1856 ea,
673 1784 710 1843 de
741 1775 849 1857 quibua
881 1793 965 1840 certo
998 1779 1128 1855 constat,
1149 1795 1280 1856 quaenam
1301 1781 1340 1840 ad
1360 1795 1398 1838 ea

210 1899 386 1959 adferantur.
406 1899 515 1958 Verum
537 1898 667 1956 nondum
689 1893 800 1970 video,
820 1895 902 1970 quod
923 1891 1097 1956 Clatillrmua
1117 1892 1172 1954 Vir
1192 1891 1279 1954 nobit
1300 1890 1397 1966 expli-

212 2008 305 2070 cuerit
325 2022 456 2068 natutam
478 2021 595 2083 eorum,
616 2021 682 2082 que
703 2005 732 2064 in
754 2005 812 2066 boc
832 1999 963 2083 subjecto
985 2003 1175 2080 adhibentur,
1194 2021 1296 2078 nempe
1307 2002 1399 2062 calcis

211 2116 307 2194 Nini,
327 2117 472 2195 hujusque
492 2115 634 2193 Spiritum
656 2117 730 2178 adeo
752 2130 785 2176 ut
806 2115 869 2176 haec
890 2117 951 2176 duo
972 2132 1033 2175 non
1054 2114 1149 2176 minut
1170 2112 1293 2174 obscura
1311 2113 1396 2175 vitle-

212 2244 315 2306 antur,
345 2245 430 2307 quarn
462 2247 527 2306 quae
558 2229 662 2304 artenii,
693 2229 799 2290 calcem
821 2245 924 2303 nempe
946 2243 1127 2288 communem
1148 2241 1179 2288 et
1200 2243 1314 2302 aquam.
1346 2227 1398 2284 nd

211 2343 320 2421 lignum
352 2345 433 2420 quod
448 2338 451 2348 '
464 2341 592 2417 attinet,
622 2342 755 2402 concedo
785 2340 818 2402 id
849 2356 957 2416 corpus
988 2337 1044 2400 elle
1076 2339 1167 2418 magia
1197 2337 1396 2415 eompofirunt

213 2473 299 2531 quant
330 2455 463 2529 Nitrutn;
493 2453 542 2515 led
571 2451 710 2530 quamdiu
731 2451 881 2528 utriusque
903 2468 1051 2527 naturam,
1072 2465 1102 2512 et
1124 2451 1259 2525 modum,
1281 2467 1343 2526 quo
1366 2449 1398 2508 in

213 2581 341 2642 utroque
366 2565 445 2626 calor
470 2565 580 2640 oritur,
605 2563 727 2642 ignoro,
747 2563 822 2640 ¹quid
842 2563 872 2626 id
894 2563 993 2640 quaeso
1013 2565 1051 2624 ad
1071 2581 1130 2624 rem
1151 2561 1248 2623 facit?
1278 2561 1398 2622 Deinde

213 2675 329 2752 nescio,
356 2693 414 2752 qua
439 2675 555 2738 ratione
582 2674 659 2736 Clar.
680 2674 734 2734 Vir
755 2673 893 2735 affitmme
913 2677 1020 2752 audet,
1041 2673 1070 2734 se
1090 2673 1178 2750 scire,
1199 2689 1264 2750 que
1285 2673 1316 2733 in
1336 2673 1398 2733 boc

212 2786 359 2863 subiecto,
380 2789 416 2848 de
437 2803 498 2863 quo
519 2786 682 2863 loquimur,
702 2787 814 2848 Natura
836 2787 957 2848 adferat.
979 2787 1046 2869 Qua
1065 2785 1164 2862 quaeso
1182 2785 1296 2846 ratione
1308 2783 1399 2844 nobis

213 2898 363 2960 ostendere
395 2897 521 2974 poterit,
552 2897 632 2960 illum
663 2899 788 2959 calorem
818 2911 879 2958 non
901 2913 997 2958 ortum
1018 2895 1101 2959 ruille
1123 2916 1138 2958 a
1160 2895 1277 2958 materia
1298 2896 1397 2973 aliqua

211 3009 411 3072 subtililstma?
430 3011 480 3072 An
500 3011 578 3072 forte
599 3024 773 3088 propterea,
794 3012 875 3086 quod
896 3027 997 3087 punam
1020 3008 1108 3072 fuerit
1129 3013 1165 3072 de
1185 3008 1307 3086 pristino
1318 3027 1396 3086 pon-

211 3124 278 3182 dere
307 3119 523 3183 deiideratum?
558 3121 700 3205 Quamvis
736 3121 808 3182 nillil
848 3121 1038 3184 delideratum
1080 3121 1195 3197 fuisset,
1226 3118 1298 3182 nibil
1329 3137 1397 3180 meo

213 3233 329 3310 quidem
346 3231 461 3309 judicio
481 3233 657 3295 concludere
678 3231 790 3308 pollet:
813 3233 946 3296 videmus
967 3233 1043 3294 enim
1054 3278 1063 3309 ,
1083 3249 1169 3310 quam
1190 3231 1274 3294 facile
1292 3249 1342 3293 rea
1360 3249 1396 3292 en

212 3361 302 3419 porra
331 3347 486 3406 admodum
518 3343 684 3422 quantitate
716 3344 842 3406 materiae
879 3348 979 3408 colore
1013 3345 1112 3422 aliquo
1142 3344 1232 3406 imbui
1261 3341 1397 3419 poliunt,

213 3471 308 3532 neque
329 3454 396 3516 ideo
424 3455 650 3532 ponderostora,
676 3459 775 3532 quoad
796 3455 927 3533 sensum,
949 3475 1043 3534 neque
1065 3456 1175 3520 leviora
1195 3456 1266 3518 lieri.
1296 3456 1396 3534 Quare

213 3583 274 3626 non
294 3566 351 3628 sme
372 3567 486 3628 ratione
506 3567 642 3630 dubitare
663 3565 794 3644 polium,
814 3587 850 3630 an
872 3571 950 3630 forta
971 3571 1103 3645 quaedam
1114 3587 1173 3630 non
1186 3567 1398 3640 concurrerint,

214 3695 279 3755 quae
301 3680 380 3739 nullo
406 3679 489 3742 sensu
516 3679 663 3743 observari
684 3679 861 3758 potuissent3
889 3681 1046 3758 praesertim
1071 3680 1209 3758 quamdiu
1230 3679 1396 3758 mactamur,

213 3792 364 3868 quomodo
385 3807 486 3852 onnes
506 3791 561 3854 illae
589 3791 794 3868 Variationea,
823 3811 896 3869 quas
916 3793 971 3854 Vir
991 3792 1067 3853 Clar.
1088 3792 1164 3853 inter
1184 3789 1397 3866 experiundum

214 3895 402 3977 observavit,¹
418 3919 456 3962 ex
477 3899 562 3965 linia
583 3903 757 3979 corporibus
778 3903 840 3965 lieri
858 3918 1038 3980 potuerunt;
1055 3903 1114 3964 imo
1125 3917 1273 3978 procerte
1284 3903 1396 3978 lrabeo,

214 4013 355 4088 calorem,
375 4028 406 4074 et
427 4011 504 4074 ibam
525 4013 787 4091 effervescentiam,
808 4033 894 4093 quarn
916 4016 993 4077 Clar.
1022 4015 1076 4076 Vir
1097 4015 1217 4090 recitat,
1239 4031 1255 4074 a
1276 4015 1395 4078 materia

214 4111 377 4188 adventitia
398 4137 479 4185 ortas
499 4123 591 4186 fuille.
611 4126 727 4188 Deinde
747 4141 838 4205 puto,
859 4145 903 4188 me
926 4128 1040 4190 facilius
1062 4145 1099 4189 ex
1120 4145 1204 4204 aquae
1222 4125 1396 4188 ebulitione

214 4239 316 4316 (taceo
333 4237 392 4314 jana
413 4236 617 4318 agitationem)
640 4237 719 4314 polle
741 4242 931 4316 concludere,
953 4240 1027 4301 ae'ria
1043 4239 1271 4302 concitationem
1282 4239 1396 4301 causam

214 4347 284 4425 elle,
316 4369 331 4410 a
363 4369 420 4430 qua
452 4351 542 4414 sonus
574 4351 681 4429 oritur,
712 4371 797 4429 quum
829 4373 866 4413 ex
886 4354 944 4414 hoc
967 4352 1183 4430 experimento,
1205 4351 1255 4412 ubi
1278 4369 1397 4430 eorum,
