2926 4896
540 357 744 432 Epistola
775 358 826 418 Xi.
1238 377 1277 436 39

80 532 135 594 sed
157 531 313 607 adhibeat,
335 533 372 594 ad
392 531 566 593 sententiam
586 530 665 593 suam
688 547 791 594 contra
810 531 972 611 Chymicos
993 549 1024 596 et
1044 535 1165 595 Scholas
1193 534 1274 595 susti·

80 647 231 722 nendum,
262 647 409 706 duntaxat
440 644 617 721 ostendens,
648 664 686 706 er
716 645 882 724 Hypothesr
914 663 1072 708 memorata
1102 665 1161 708 rent
1192 647 1274 723 posse

79 761 161 818 bene
191 757 341 834 explicari.
383 758 474 840 Quod
504 755 611 818 ibidem
644 755 764 834 subjicis
795 758 831 818 de
864 775 946 835 aquae
968 775 1048 835 purae
1070 757 1271 834 ineptitudine

79 869 220 933 solvendi
247 883 346 944 partes
374 869 464 945 lixas,
484 869 511 928 ei
532 869 655 948 Boylius
683 869 781 931 noller
800 870 976 948 respondet,
998 869 1158 948 Chytnicos
1180 873 1275 947 paffim

81 981 241 1042 observare
270 995 301 1041 et
327 979 463 1057 asserere,
488 999 594 1058 aquam
623 999 722 1058 puram
744 981 811 1043 salia
833 983 983 1044 alcalizata
1004 982 1091 1044 citius
1113 1003 1199 1060 quam
1219 986 1275 1046 alia

79 1093 210 1156 solvere.

123 1207 200 1288 Quae
238 1204 314 1265 circa
344 1205 533 1267 Fluiditatenr
567 1221 597 1266 et
629 1205 848 1268 Firmitudinem
888 1207 1055 1285 annotasti,
1085 1227 1119 1269 ea
1149 1211 1274 1271 necdum

79 1317 205 1383 vacavit
225 1317 351 1379 Ausioti
374 1301 550 1394 expindere.
572 1319 643 1378 Haec
665 1337 731 1394 quae
753 1318 939 1398 confignavi,
960 1319 1015 1380 tibi
1037 1320 1222 1399 transmitto,
1238 1341 1273 1383 ne

79 1431 198 1492 diutius
219 1428 395 1492 commercio
417 1445 447 1490 et
469 1430 620 1506 colloquio
643 1447 697 1492 tuo
718 1429 848 1492 literario
869 1431 1049 1494 destituerer.

121 1545 200 1605 Peto
228 1559 325 1628 autem
354 1542 529 1617 enixissime,
557 1558 590 1602 ut
619 1541 690 1602 boni
712 1561 746 1602 ea
767 1541 918 1619 consulas,
940 1561 1005 1619 quae
1027 1546 1102 1604 adeo
1124 1543 1274 1605 subsultim

78 1657 261 1717 etmutilate
282 1656 337 1717 tibi
359 1673 492 1732 repono,
509 1655 598 1731 idque
619 1671 689 1714 meae
711 1654 813 1731 potius
836 1653 1034 1731 festinationi,
1052 1673 1139 1732 quam
1160 1656 1275 1718 illustris

78 1765 180 1844 Boylii
211 1765 331 1844 ingenio
361 1765 482 1826 tribuas.
522 1765 566 1826 Ea
595 1764 707 1842 quippe
728 1765 817 1844 magis
840 1783 878 1826 ex
898 1765 1029 1828 familiari
1051 1786 1117 1828 curn
1139 1786 1176 1828 eo
1198 1768 1274 1829 circa

76 1881 139 1940 boc
167 1878 329 1957 subjectum
357 1877 487 1940 sermone
518 1877 641 1957 collegi,
668 1897 755 1955 quam
783 1897 820 1938 ex
848 1879 1016 1956 praescripta
1045 1896 1075 1940 et
1097 1880 1272 1943 Methodica

79 1993 181 2070 aliqua
210 1992 273 2069 ejus
301 1991 504 2068 responsione3
533 1994 611 2053 unde
638 1991 696 2052 fine
725 1991 817 2052 dubio
839 1992 964 2068 factum,
986 2008 1019 2052 ut
1039 1994 1129 2053 multa
1151 1995 1187 2054 ab
1209 1991 1273 2069 ipso

79 2107 159 2169 dicia
181 2125 228 2166 rne
251 2105 423 2184 effugerint,
452 2106 529 2166 forte
551 2119 581 2165 et
602 2103 740 2166 solidiora
761 2118 792 2164 et
813 2104 1009 2182 elegantiora,
1030 2125 1116 2182 quant
1138 2124 1203 2182 quae
1223 2106 1272 2166 hic

80 2240 97 2280 a
119 2237 167 2280 me
190 2233 416 2280 commemorata
437 2217 514 2279 sunt.
541 2217 664 2294 Culpam
685 2217 775 2296 igitur
796 2236 911 2279 omnem
933 2218 962 2280 in
984 2237 1028 2280 me
1050 2219 1169 2296 rejicio,
1190 2219 1273 2296 peni·

81 2333 192 2410 rusque
214 2334 251 2392 ab
273 2351 307 2392 ea
328 2333 486 2393 Audiorem
507 2331 612 2392 libero.

120 2447 188 2526 Jarn
217 2446 255 2506 ad
282 2463 316 2505 ea
345 2443 522 2523 progrediar,
554 2461 620 2520 quae
648 2443 717 2505 mihi
748 2459 844 2504 tecum
876 2443 1071 2508 intercedunt.
1113 2445 1152 2505 Et
1174 2444 1221 2505 hic
1242 2445 1272 2506 in

79 2557 146 2634 ipso
180 2555 279 2617 limine
310 2573 411 2635 rogare
442 2555 511 2616 mihi
542 2556 587 2616 sas
618 2554 670 2630 stt,
702 2555 901 2617 confecerisne
928 2554 999 2618 illud
1028 2557 1103 2617 tanti
1131 2555 1273 2618 momenti

79 2668 258 2748 opusculum
278 2685 380 2745 mum,
401 2667 430 2728 in
451 2685 514 2744 quo
536 2671 572 2730 de
594 2685 687 2728 rerum
708 2667 887 2745 primordio,
907 2683 1064 2745 earumque
1075 2670 1273 2746 dependentia

79 2781 222 2858 aprima
254 2780 355 2857 causa,
386 2796 419 2842 ut
451 2797 481 2841 et
514 2783 550 2842 de
582 2781 750 2844 Intellectus
788 2780 877 2842 nostri
911 2781 1126 2843 Emendatione
1158 2785 1272 2845 tradas.

79 2897 189 2970 Certe,
218 2893 275 2955 Vir
304 2893 496 2970 Amicilstme,
527 2893 567 2954 nil
598 2895 685 2956 credo
708 2893 739 2956 in
760 2893 911 2969 publicum
932 2885 1049 2969 prodire
1071 2891 1169 2971 posse,
1191 2897 1272 2972 quod

79 3006 164 3068 Viris
191 3024 292 3069 revera
322 3005 417 3068 dottis
438 3021 468 3066 et
489 3005 640 3084 sagacibus
661 3004 847 3094 futurum-stt
869 3005 1027 3067 istiusmodi
1049 3007 1190 3068 Ttastatu
1210 3025 1273 3087 gra·

79 3118 142 3178 tius
165 3118 213 3179 vel
234 3115 396 3191 acceptius.
419 3118 452 3178 sd
474 3116 519 3178 tui
541 3116 621 3196 genii
643 3133 673 3178 et
694 3116 805 3195 ingenii
827 3116 881 3178 Vir
902 3118 1028 3194 spedare
1050 3119 1152 3194 potius
1173 3121 1272 3195 debet,

79 3248 170 3306 quam
202 3247 267 3306 quae
300 3227 388 3290 nostri
421 3228 509 3291 seculi
532 3244 561 3289 et
583 3229 672 3290 moris
704 3229 868 3308 Theologis
901 3229 1048 3291 arrident:
1070 3247 1131 3290 non
1153 3246 1211 3290 tam
1232 3229 1273 3290 illi

80 3339 239 3404 veritatem
261 3358 348 3416 quam
369 3341 594 3402 commoditates
615 3339 756 3416 spectant.
777 3341 823 3401 Te
845 3341 933 3420 igitur
954 3360 1005 3417 per
1022 3341 1272 3404 amicitiaenostrae

80 3455 201 3528 foedus,
233 3470 284 3528 per
315 3451 412 3513 omnia
444 3452 578 3515 veritatis
609 3453 749 3531 augenda
771 3469 801 3513 et
822 3454 993 3532 evulgandae
1018 3452 1085 3529 jura
1113 3453 1272 3531 contestor,

80 3585 117 3627 ne
140 3581 193 3626 tua
215 3567 252 3626 de
273 3563 450 3645 argumentis
470 3565 506 3626 iis
527 3564 633 3642 scripta
647 3566 742 3650 nobis
762 3565 898 3628 invideas
920 3565 967 3629 vel
988 3584 1085 3645 neges.
1122 3566 1152 3628 Si
1174 3583 1271 3628 tannen

80 3678 153 3756 quid
183 3676 220 3738 stt
252 3675 368 3754 majoris
399 3677 557 3754 momenti,
589 3697 676 3755 quam
709 3697 764 3757 ego
797 3677 964 3754 praevideo,
994 3682 1076 3755 quod
1105 3681 1141 3740 ab
1171 3681 1269 3757 operis

80 3789 286 3867 publicatione
305 3805 335 3850 te
354 3808 464 3866 arceat,
486 3791 665 3866 summopere
687 3808 756 3865 oro,
778 3807 811 3851 ut
833 3789 984 3867 epitomen
1006 3790 1069 3868 ejus
1089 3810 1141 3868 per
1161 3791 1273 3855 litteras

80 3903 150 3963 mibi
173 3901 322 3978 impertire
344 3921 380 3962 ne
401 3901 550 3981 graveris,
572 3918 603 3964 et
625 3902 748 3966 amicurn
770 3923 814 3964 me
836 3903 942 3965 senties
964 3922 1018 3981 pro
1039 3904 1096 3966 hoc
1119 3905 1219 3967 officio
1242 3922 1273 3968 et

80 4031 204 4094 gratum.
246 4013 314 4074 Alia
341 4014 424 4077 brevi
451 4015 613 4090 prodibunt
643 4017 678 4076 ab
708 4015 904 4078 Eruditillimo
925 4017 1033 4097 Boylio
1055 4021 1184 4096 edenda,
1205 4038 1271 4096 quae

78 4125 301 4188 redhostimenti
332 4126 400 4186 loco
431 4127 487 4187 tibi
519 4129 728 4203 transmittant,
760 4147 794 4188 ea
825 4147 946 4205 quoque
978 4129 1183 4207 adjunsturus,
1204 4149 1269 4207 quae

77 4253 179 4300 totum
211 4236 267 4297 tibi
300 4236 468 4300 lnlh'tutum
500 4239 602 4319 Regiae
634 4240 736 4301 nostrae
770 4239 946 4317 societatis,
967 4241 1014 4302 cui
1035 4241 1097 4301 sum
1117 4261 1183 4302 curn
1206 4241 1271 4302 aliis

77 4349 188 4432 viginti
209 4369 225 4410 a
248 4349 379 4412 Consilio
387 4395 396 4428 ,
418 4369 447 4413 et
469 4371 534 4414 cum
556 4370 617 4414 uno
639 4369 669 4413 et
690 4355 781 4414 altero
803 4372 819 4414 a
840 4353 983 4430 Secretis,
1004 4353 1172 4434 depingent.
1204 4355 1269 4417 Hac
