2926 4896
492 385 696 473 Epistola
728 383 795 458 vti.
1196 405 1235 477 29

45 591 74 634 tc
95 591 261 638 exoravero
269 619 279 650 ,
306 591 361 634 nec
390 591 536 649 unquam,
557 589 698 650 quantum
721 573 839 650 quidem
861 573 890 634 ln
911 591 956 633 me
978 573 1034 649 est,
1057 575 1234 648 concedam,

45 701 78 745 ut
106 686 250 764 Cogitata
279 702 348 761 tua,
376 703 442 761 quae
471 685 546 745 tanti
567 684 634 744 sunt
656 685 812 762 ponderis,
835 699 946 746 aeterno
967 685 1081 747 stlentio
1103 705 1234 762 preman-

45 817 101 860 tur.
144 799 330 878 Magnopere
357 814 432 874 rogo
463 812 513 872 ut,
541 795 612 873 quid
639 795 806 873 superbae
835 815 865 856 re
894 796 1006 858 consilii
1028 798 1143 874 capies,
1164 799 1234 860 mibi

45 910 222 988 significare,
243 927 329 986 quam
351 909 474 985 primum
506 910 660 970 commode
682 923 787 985 potes,
809 927 868 969 non
889 909 1027 986 graveris.
1069 910 1232 971 Occurrent

44 1023 90 1082 hic
122 1023 203 1082 forte
235 1022 321 1097 talia,
353 1040 420 1098 quae
450 1021 623 1100 cognitione
655 1037 706 1082 tua
735 1040 795 1082 non
816 1021 935 1100 indigna
957 1037 1051 1084 erunt.
1094 1024 1232 1086 Praediila

44 1136 158 1211 quippe
190 1133 324 1196 Societas
355 1133 519 1194 institutum
550 1134 632 1194 suum
665 1153 742 1194 nunc
774 1133 868 1195 acrius
900 1134 1031 1213 urgebit,
1062 1150 1093 1196 et
1120 1135 1234 1212 forsan,

44 1249 207 1307 dummodo
228 1247 288 1306 Pax
308 1245 340 1306 in
361 1245 439 1305 hisce
461 1246 520 1306 oris
542 1261 702 1321 perennet,
737 1245 958 1320 Rempublicam
980 1245 1150 1306 Literariam
1172 1264 1232 1306 non

44 1359 207 1436 vulgariter
228 1359 355 1419 ornabit.
396 1358 486 1432 Vale,
507 1357 561 1418 Vir
582 1357 703 1434 eximie,
724 1375 828 1434 meque
849 1361 933 1418 crede

605 1519 660 1578 Tui
680 1518 907 1600 Studiofifflmum
928 1533 955 1578 et
976 1518 1174 1600 Amictffimum

727 1633 841 1691 Hunn.
867 1631 1093 1692 Ouunnsuno.

77 1713 177 1777 [Anni.
197 1727 224 1762 ut
243 1713 363 1772 videtur,
383 1711 466 1776 roan]

550 1897 696 1908 ——v—u—-

355 2073 595 2134 Eursnoun
626 2073 699 2132 VIII
729 2072 814 2136 (OLIM
832 2073 926 2137 xxm).

513 2200 670 2280 Clartffimo
692 2199 766 2259 Viro

572 2328 605 2388 B.
627 2347 659 2390 n.
681 2329 709 2388 S.

396 2456 565 2516 SIMON
606 2455 671 2514 DE
711 2455 882 2516 VRIES.

62 2598 98 2646 lla
116 2599 293 2663 autographo,
310 2599 380 2661 quod
398 2598 434 2650 cst
450 2600 517 2664 apud
534 2600 667 2652 Ecclesiam
685 2600 939 2665 'l'eleiobaptillarum
956 2599 1217 2653 Amllelodtmensem.

229 2728 329 2789 Amice
348 2733 539 2806 Integerrime

81 2859 262 2938 Jamdudum
290 2860 433 2935 exoptavi
461 2860 516 2921 tibi
545 2861 658 2940 [semel]
680 2862 695 2896 *
724 2860 836 2937 adesse,
864 2861 914 2922 sed
935 2877 1050 2938 tempus
1072 2879 1233 2940 magnaque

47 2968 147 3046 hyems
182 2988 243 3030 non
275 2969 344 3032 satis
374 2971 443 3032 mihi
475 2972 603 3048 propitia
635 2973 764 3035 fuerunt.
810 2970 993 3054 [Aliquando
1014 2975 1051 3035 de
1072 2972 1151 3033 sorte
1171 2991 1234 3036 mea

47 3100 170 3158 queror,
204 3085 286 3160 quod
318 3084 404 3145 nubis
435 3084 592 3146 intercedit
622 3084 764 3162 spatium,
786 3087 867 3162 quod
889 3103 945 3146 nos
967 3087 1003 3145 ab
1025 3084 1152 3148 Invicem
1175 3099 1234 3146 tam

46 3195 132 3274 longe
155 3195 276 3257 dIvidit.
297 3197 393 3272 Felitt,
415 3197 473 3258 Imo
496 3197 669 3259 felicissimus
690 3213 760 3259 tuus
781 3197 878 3260 socius
900 3196 1046 3259 casontius
1067 3196 1235 3259 subeodem

47 3309 124 3368 tecto
146 3327 313 3386 remorans,
342 3309 392 3386 qui
421 3311 497 3372 inter
523 3314 740 3388 prandendum,
761 3313 951 3388 coenandum,
972 3312 1235 3387 ambulandumque

49 3437 145 3482 tecum
180 3420 302 3498 optimis
326 3424 369 3488 ,de
400 3425 488 3484 rebus
515 3423 661 3486 sermones
680 3423 786 3484 habere
809 3421 927 3510 potesl]
973 3422 1118 3504 Quamvis
1138 3437 1235 3483 autem

49 3550 173 3608 corpora
205 3537 242 3594 ab
273 3533 399 3596 invicem
431 3550 491 3596 tam
521 3536 609 3615 longe
637 3535 729 3600 divisa
760 3535 831 3612 smt,
853 3535 950 3597 animo
972 3552 1069 3596 tamen
1091 3535 1235 3612 saepiffime

49 3643 175 3716 praesens
204 3643 320 3705 adfuisti
348 3664 431 3720 meo,
460 3646 615 3722 praesertIm
645 3648 704 3708 tuis
733 3647 763 3707 in
793 3645 907 3722 scriptis
928 3665 993 3708 cunt
1017 3645 1125 3722 versor,
1145 3645 1235 3706 mani-

49 3756 161 3833 busque
187 3753 246 3838 [ea]
272 3761 373 3820 trailo.
396 3761 453 3821 Sed
474 3778 538 3820 cum
561 3760 647 3820 nobis
669 3759 790 3838 collegis
811 3760 841 3794 **
871 3778 930 3820 non
953 3758 1049 3820 omnia
1071 3759 1140 3820 satis
1161 3760 1235 3820 clara

50 3885 209 3946 appareant
233 3868 391 3950 [(ideoque
413 3871 517 3933 iterum
538 3871 655 3950 collegii
675 3871 791 3933 initium
814 3869 984 3954 fecimus)],
1004 3889 1100 3949 neque
1123 3890 1168 3932 me
1189 3871 1233 3931 tui

80 4060 92 4086 ⁴
129 4061 194 4125 Quae
219 4055 246 4108 in
271 4057 318 4108 Ed.
342 4057 382 4107 Pr.
407 4055 494 4108 omilin
517 4055 588 4118 liant,
611 4055 752 4118 hujusmodi
772 4057 870 4110 uncinis
887 4058 1037 4110 inclusimus.
1072 4059 1104 4108 Et
1121 4058 1169 4107 alia
1186 4057 1237 4107 ele·

48 4139 145 4202 gentius
162 4139 306 4202 expritnere
324 4139 410 4190 conati
427 4137 484 4190 sunt
500 4152 600 4190 veteres
623 4139 748 4202 editores,
766 4155 837 4204 qne,
855 4143 897 4191 ubl
915 4139 978 4204 ipsas
996 4140 1081 4190 literas
1098 4139 1128 4190 nd
1146 4137 1236 4202 Spino.

48 4235 98 4270 zam
118 4219 203 4272 milles
221 4223 358 4284 babemus,
376 4220 502 4273 recensere
521 4221 584 4272 nihil
603 4221 736 4272 rescrebat.

79 4309 107 4335 ⁸·
136 4305 185 4354 Ed.
204 4305 259 4354 Pu:
276 4305 348 4354 milri.
375 4305 403 4356 ln
421 4319 449 4356 ea
467 4304 568 4372 collegii
588 4305 683 4355 mentio
702 4304 837 4367 omittitur,
854 4319 879 4356 ct
897 4307 927 4355 de
947 4305 1020 4356 unius
1039 4303 1127 4356 Vritsti
1151 4301 1237 4354 studils

48 4385 125 4438 sermo
144 4387 189 4438 est.
