2926 4896
653 385 857 470 Epistola
888 385 968 455 xm.

528 581 817 642 Earsrona
850 583 921 642 XIII
948 581 1106 647 (ouum)-

573 745 647 805 Viro
665 745 839 827 Nobilrfflmo
859 764 893 805 ac
913 745 1069 828 Dodiffimo

472 903 718 965 HENRICO
756 902 1159 966 OLDENBURGIO

746 1049 778 1108 B.
801 1067 832 1109 n.
854 1050 882 1110 S.

580 1192 731 1272 Responfio
755 1194 798 1252 ad
819 1193 975 1272 Epa'stolam
994 1194 1049 1254 XI.

385 1369 443 1428 Vir
463 1367 651 1450 Nobila'fflme,

264 1513 379 1576 Literas
401 1529 483 1588 tuas,
504 1511 574 1572 mihi
595 1513 705 1574 dudum
725 1511 916 1588 defideratas,
937 1513 1055 1574 tandem
1077 1513 1195 1588 accepi,
1217 1511 1310 1588 iisque
1323 1514 1422 1574 etiam

224 1627 398 1702 respondere
419 1625 512 1687 licuit.
552 1625 680 1702 Verum,
701 1624 866 1703 priusquam
889 1625 919 1686 id
942 1623 1106 1705 aggrediar,
1128 1643 1178 1701 ea,
1200 1643 1266 1702 quae
1288 1625 1421 1701 Impedi-

224 1754 347 1816 verunt,
375 1756 436 1815 quo
458 1737 553 1799 minus
575 1737 698 1798 antehac
719 1737 872 1798 rescribere
895 1737 1059 1814 potuerim,
1081 1737 1182 1813 paucis
1203 1737 1307 1798 dicam.
1335 1737 1421 1798 Cum

224 1852 320 1915 mense
341 1851 437 1929 Aprili
459 1869 548 1912 areana
569 1850 774 1927 supeIeiiiIem
795 1850 880 1913 huc*
901 1850 1048 1926 transtuli,
1069 1849 1320 1912 Amstelaedarnum
1340 1869 1421 1927 pro-

225 1967 319 2028 fesius
350 1964 421 2026 sum.
447 1963 493 2025 Ibi
514 1963 632 2041 quidam
653 1983 698 2025 me
720 1963 817 2024 Amici
838 1978 995 2042 rogarunt,
1017 1979 1050 2024 ur
1071 1961 1125 2023 srbi
1146 1962 1261 2039 copiam
1285 1963 1420 2024 facerem

225 2075 373 2153 cujusdam
401 2075 573 2150 Trastatua,
601 2073 754 2135 secundam
782 2073 895 2134 Partem
924 2071 1137 2149 PrIncipionrm
1165 2069 1308 2148 Cartesii,
1330 2091 1421 2133 more

226 2187 416 2250 Geometrico
438 2185 676 2260 demonstratam,
697 2200 727 2246 et
748 2185 912 2260 praecipua,
934 2203 999 2262 quae
1011 2184 1040 2245 in
1052 2183 1264 2264 Metaphysrcis
1284 2188 1420 2248 crasian-

226 2317 290 2376 tur,
320 2299 450 2363 breviter
482 2297 678 2375 contInentis,
711 2315 797 2374 quarn
828 2315 884 2376 ego
916 2296 1030 2358 cuidem
1058 2295 1184 2374 juvenI,
1215 2315 1299 2374 quera
1332 2317 1420 2359 meas

227 2409 384 2486 opiniones
405 2425 503 2486 aperte
524 2410 630 2470 docere
652 2409 806 2484 nolebam,
828 2409 952 2470 antehac
973 2408 1157 2472 didaveranr.
1189 2407 1304 2470 Deinde
1326 2427 1419 2488 roga-

226 2535 295 2583 runt
310 2536 344 2583 nt
360 2539 445 2598 quarn
468 2521 591 2597 primum
612 2519 737 2597 possem,
758 2519 876 2596 primam
897 2521 985 2582 eriam
1005 2521 1118 2582 Partem
1139 2521 1238 2582 eadem
1260 2519 1419 2582 Methodo

227 2637 441 2698 concionarem.
482 2635 548 2715 Ego
555 2680 567 2714 ,
593 2655 629 2697 ne
659 2635 757 2696 amicis
786 2635 968 2712 adversarer,
997 2634 1090 2696 statiua
1112 2654 1156 2696 me
1177 2638 1215 2697 ad
1236 2653 1297 2696 eam
1320 2637 1421 2697 consr-

226 2746 357 2809 ciendam
374 2747 505 2823 accinxi,
523 2765 644 2825 eamque
661 2747 738 2808 intra
756 2750 829 2809 duas
846 2747 1044 2809 hebdomadas
1062 2747 1193 2824 confeci,
1212 2761 1301 2824 atque
1313 2747 1422 2808 amicis

226 2859 349 2934 tradidi,
381 2859 431 2935 qui
464 2861 578 2921 randena
610 2878 655 2920 nre
686 2875 843 2939 rogarunt,
872 2874 905 2920 ut
927 2858 979 2919 sni
1000 2859 1049 2920 illa
1070 2858 1168 2920 omnia
1189 2861 1272 2920 edere
1294 2858 1422 2934 liceret;

227 2972 309 3048 quod
330 2969 414 3030 facile
435 2969 587 3046 impetrare
609 2985 789 3046 potuerunt,
809 2971 863 3031 hac
886 2969 1003 3048 quidem
1021 2971 1105 3051 lege,
1121 2985 1155 3031 ut
1174 2987 1273 3032 eorum
1293 2970 1421 3048 aliquis,

228 3099 273 3143 me
295 3081 452 3159 praesente,
473 3100 507 3142 ea
527 3082 603 3161 stylo
619 3064 798 3162 'elegantiori
821 3082 1260 3160 ornaret,acPraesatiuncuIara
1277 3084 1422 3156 adderet,

228 3193 257 3255 in
280 3212 337 3271 qua
357 3195 497 3256 Leiiores
525 3209 675 3271 moneret,
695 3214 740 3255 me
762 3213 822 3256 non
845 3195 956 3272 omnia,
979 3214 1045 3273 quae
1066 3195 1095 3256 in
1119 3213 1155 3256 eo
1177 3194 1320 3256 Tradatu
1341 3214 1421 3255 con-

227 3306 367 3383 tinentur,
388 3325 442 3383 pro
464 3305 535 3368 areis
557 3306 729 3387 agnoscere,
750 3327 815 3369 cunr
838 3326 898 3369 non
921 3326 1014 3384 pauca
1036 3307 1065 3368 in
1087 3326 1124 3368 eo
1143 3304 1319 3384 scripserim,
1337 3325 1419 3384 quo-

225 3435 287 3479 runa
316 3419 492 3480 contrarium
519 3419 637 3496 prorsus
665 3421 838 3496 ampledior,
866 3420 984 3498 hocque
1005 3439 1067 3482 uno
1089 3436 1141 3481 aut
1162 3420 1254 3481 altero
1276 3419 1418 3496 exemplo

228 3530 402 3592 ostenderet.
443 3531 517 3613 Quae
556 3531 652 3592 omnia
691 3531 800 3594 amicos
831 3533 969 3610 quidam,
1000 3533 1048 3594 cui
1080 3532 1172 3594 editio
1203 3531 1293 3609 hujus
1323 3532 1418 3592 libelli

227 3661 303 3704 curae
335 3643 392 3719 est,
422 3643 572 3718 pollicitus
604 3643 645 3704 est
677 3645 789 3721 sacere,
816 3659 846 3705 et
873 3645 929 3706 hae
961 3648 997 3706 de
1030 3644 1115 3706 causa
1146 3643 1266 3720 aliquod
1296 3659 1419 3718 tempus

228 3753 440 3815 Anasielaedami
467 3770 596 3816 moratus
625 3753 694 3815 sum.
735 3756 775 3816 Et
798 3774 813 3816 a
835 3755 948 3832 quoin
970 3756 1049 3818 hunc
1078 3774 1201 3835 pagum,
1221 3755 1250 3816 In
1273 3772 1333 3832 quo
1353 3755 1417 3830 jam

228 3863 348 3940 habit0,
376 3865 506 3927 reversus
534 3865 595 3942 sui,
624 3865 675 3929 vix
703 3868 759 3928 mei
786 3867 860 3945 juris
887 3866 943 3928 esse
965 3867 1052 3944 potui
1072 3883 1194 3944 propter
1215 3865 1341 3941 arnic08,
1362 3866 1419 3942 qui

229 3994 274 4036 me
306 3975 417 4055 dignati
448 3975 515 4038 sunt
545 3976 679 4040 invisere.
720 3981 783 4059 Jam
812 3982 945 4055 tandem,
974 3979 1077 4040 Amice
1106 3978 1282 4054 suaviffirne,
1302 3976 1417 4055 aliquid

229 4091 355 4168 superest
386 4091 542 4169 temporis,
575 4111 636 4169 quo
667 4093 729 4154 hacc
760 4093 814 4154 tibi
845 4093 1074 4168 communicare,
1095 4090 1233 4168 sanaulque
1254 4090 1418 4167 rationem,

263 4321 276 4350 ⁸
311 4317 489 4386 Voorburguna
516 4333 621 4383 nempe,
647 4331 675 4370 nt
701 4317 768 4371 reete
791 4332 877 4372 monet
897 4321 972 4372 iiuno
989 4319 1088 4371 Fischer
1105 4317 1209 4386 (Gesch.
1226 4320 1252 4371 d.
1269 4334 1295 4371 n.
1313 4319 1378 4370 Phil.
1396 4321 1419 4372 1.

229 4403 496 4467 ammom
