2926 4896
505 367 723 443 Epistola
763 368 817 430 vl.

456 543 868 621 EursrouaVl,

370 689 522 750 Continent
553 687 761 748 Annotariortcs
789 691 821 746 in
851 685 959 746 librum

288 833 462 896 Nobiliffimi
482 831 547 893 Viri
578 831 819 893 ROBERTI
848 829 1043 908 BOYLE,

358 979 406 1039 De
426 977 536 1053 Nicro,
556 977 733 1051 Fluiditate,
753 987 782 1036 et
801 975 968 1036 Firmitate.

399 1121 473 1182 Viro
502 1119 677 1202 Nobilrfflmo
707 1137 742 1180 ac
770 1119 928 1200 Doiiifflmo

236 1264 543 1328 HENRICO
594 1263 1096 1326 OLDENBURGIO

594 1405 731 1465 B.u.S.

438 1549 589 1629 Responsso
618 1550 662 1609 ad
684 1549 897 1628 precedentem.

186 1695 353 1764 [Exemplum
370 1694 545 1764 Oldenburgio
562 1693 658 1746 millum
675 1693 752 1744 hodie
768 1693 879 1745 Loudlni
895 1694 963 1759 apud
980 1693 1129 1747 Societatem

534 1776 638 1845 Regiam
655 1776 790 1842 serverum]

231 1927 292 1986 Vir
313 1925 489 2007 Clanffime,

109 2073 230 2134 Librum
259 2070 469 2152 ingeniofiffimi
495 2069 592 2148 Boylii
619 2069 739 2145 accepi,
761 2087 885 2146 eumque
896 2113 906 2146 ,
927 2083 1068 2146 quantum
1088 2087 1141 2146 per
1161 2069 1255 2132 otium

74 2183 167 2260 licuit,
188 2185 303 2248 evolvi.
333 2182 479 2243 Maximae
499 2182 554 2243 tibi
576 2200 632 2262 ago
653 2181 762 2261 gratias
781 2198 836 2256 pro
857 2199 974 2242 munere
994 2179 1063 2242 hoc.
1090 2179 1189 2242 Video
1210 2200 1255 2243 mc

75 2314 131 2358 non
161 2298 266 2358 malam
297 2295 440 2372 antehac,
471 2313 537 2356 cum
568 2294 690 2372 primum
721 2293 800 2354 hunc
832 2293 901 2355 mihi
931 2293 1035 2354 librum
1065 2291 1257 2370 promiseras,

75 2407 166 2470 fecisse
188 2406 408 2484 conjecturam,
437 2425 560 2484 nempe,
588 2422 618 2467 te
640 2424 700 2467 non
721 2405 773 2466 nili
794 2408 831 2468 de
852 2425 882 2467 re
903 2407 998 2485 magni
1019 2405 1158 2467 momenti
1178 2405 1256 2467 solli-

76 2520 161 2580 titum
182 2521 259 2581 fore.
286 2519 341 2579 Vis
362 2517 493 2596 interim,
513 2519 678 2580 Douiffime
699 2517 842 2596 Domine,
863 2534 898 2580 ut
917 2517 973 2580 tibi
994 2538 1089 2581 meum
1109 2535 1198 2581 tenue
1219 2522 1256 2581 de

76 2630 124 2707 iis,
153 2649 220 2708 quae
253 2629 383 2707 scripfit,
410 2629 555 2707 judicium
586 2631 719 2710 mittam;
750 2633 852 2708 quod,
880 2646 913 2691 ut
940 2649 1004 2692 mea
1031 2631 1087 2692 fert
1108 2629 1256 2707 tenuitas,

75 2741 193 2819 faciam,
226 2743 361 2803 notando
394 2740 503 2803 scilicet
535 2743 667 2819 quaedam
679 2787 689 2818 ,
720 2760 785 2819 quae
816 2741 887 2802 mihi
918 2740 1040 2803 obscura
1070 2739 1130 2805 five
1160 2741 1257 2802 minus

76 2853 266 2915 demonstrata
295 2851 443 2917 videntur.
484 2855 591 2932 Neque
623 2853 717 2915 adhuc
745 2852 862 2930 omnia,
882 2869 1004 2930 propter
1023 2853 1256 2930 occupationes,

75 2982 251 3041 percurrere,
269 2965 363 3025 multo
381 2965 521 3044 minuca)
542 2965 705 3026 examinare
723 2965 820 3041 potui.
838 2965 913 3050 Que
930 2965 1020 3044 igitur
1036 2963 1112 3026 circa
1128 2963 1257 3042 Nitrum,

76 3092 128 3138 etc.
149 3077 181 3160 b)
202 3078 336 3138 notanda
355 3077 489 3156 reperio,
508 3077 700 3155 sequentibus
721 3077 831 3154 accipe.

482 3295 547 3339 ne
598 3279 846 3358 rautnoc)

112 3451 207 3514 Primo
228 3451 342 3532 colligit
361 3469 400 3513 ex
420 3453 474 3514 suo
495 3452 697 3530 experimento
707 3457 746 3518 de
756 3455 1005 3537 redintegratione
1025 3457 1122 3535 Nitri,
1138 3457 1256 3520 Nitrum

77 3560 128 3622 elle
147 3563 218 3641 quid
239 3565 277 3643 d)
299 3563 545 3644 heterogeneum,
565 3565 701 3628 constant
722 3585 759 3628 ex
780 3569 913 3644 partibus
933 3568 1001 3630 fixis
1022 3584 1053 3630 et
1073 3568 1256 3646 volatilibus,

79 3672 157 3749 cujus
176 3689 273 3737 tamen
294 3689 398 3737 natura
419 3674 532 3755 (saltem
553 3679 652 3754 quoad
673 3678 881 3759 Phaenomena)
902 3681 988 3744 valde
1009 3680 1137 3742 differta
1153 3696 1257 3743 natura

80 3787 213 3865 partium,
233 3805 271 3850 ex
292 3789 401 3866 quibus
420 3789 620 3867 componitur,
640 3791 774 3867 quamvis
784 3810 822 3852 ex
832 3790 894 3853 sola
912 3809 989 3853 mera
1009 3791 1135 3854 mixtura
1154 3793 1254 3854 harum

81 3901 200 3974 partium
221 3901 342 3963 oriatur.
362 3903 452 3980 Haec,
472 3901 607 3981 inquam,
633 3903 782 3965 conclusro
802 3919 837 3966 ut
857 3904 1003 3968 diceretur
1022 3907 1118 3982 bona,
1138 3905 1257 3968 videtur

81 4011 143 4074 nihi
170 4013 266 4076 adhuc
292 4013 402 4091 requiri
423 4014 545 4093 aliquod
566 4015 814 4094 experimentum,
834 4035 896 4096 quo
916 4017 1095 4098 ostendatur,
1115 4017 1255 4096 Spiritum

110 4205 141 4272 a)
172 4207 271 4260 Lond.a
285 4217 395 4276 propter
411 4211 585 4278 occupationes
603 4213 765 4273 examinare,
784 4211 874 4266 omiffis
888 4225 1053 4282 percurrere,
1069 4214 1149 4266 multo
1165 4213 1256 4268 minut·

169 4289 239 4342 circa
256 4291 352 4342 altrum
372 4301 398 4342 ct
411 4293 547 4360 sequeutia
567 4296 613 4344 luc
631 4293 716 4360 usque.

533 4377 566 4446 d)
601 4377 647 4444 effe
664 4389 762 4448 corpus.
