2926 4896
517 355 722 433 Epistola
754 358 807 420 lll.
1235 377 1257 437 9
1289 455 1296 476 Ι

78 529 248 591 Substantias
274 529 405 606 eiusdem
432 531 577 593 attributi.
617 529 702 592 Circa
722 531 876 594 secundam
899 530 1070 609 considero,
1092 550 1157 596 cum
1179 531 1254 595 nihil

78 643 155 718 polilt
173 641 228 703 esse
248 642 337 705 causa
357 641 401 707 sui
423 642 529 722 ipsius,
546 643 598 706 vix
616 645 718 707 cadete
736 643 789 706 sub
807 659 924 721 captum
943 643 1088 722 nostrum,
1099 646 1252 722 quomodo

78 771 170 817 verum
189 753 244 816 eise
264 757 370 834 possit,
390 756 585 836 Substantiam
604 776 657 818 mn
674 757 750 837 poffe
765 758 904 837 produci,
932 775 1020 836 neque
1039 757 1078 818 ab
1097 759 1160 818 alia
1181 776 1253 835 qua·
1377 769 1380 776 ’

77 885 175 944 cunque
198 867 377 946 Misenus.
418 868 490 930 llaec
519 867 594 930 enim
621 867 790 945 Proposrtio
819 885 921 931 omnes
949 867 1129 931 Substantias
1155 867 1256 930 causat

78 977 116 1038 sui
133 978 248 1058 statuit,
268 981 444 1060 easdemque
464 998 566 1043 omnes
589 996 620 1043 et
637 980 762 1061 singulas
780 999 796 1042 a
813 981 842 1043 se
860 981 985 1045 invicem
1007 981 1240 1058 independenter
1245 1025 1256 1058 ,

77 1089 251 1170 totidemque
271 1095 357 1156 Deos
378 1093 469 1171 facit,
486 1109 518 1155 et
535 1093 589 1155 hac
606 1091 721 1156 ratione
739 1093 861 1155 Primam
880 1094 1011 1157 omnium
1028 1111 1122 1156 rerum
1132 1091 1255 1155 Causam

77 1219 171 1283 negat:
200 1209 285 1282 quod
317 1205 412 1282 ipsum
442 1207 547 1268 lubens
580 1205 676 1268 sateor
702 1224 749 1268 me
776 1224 837 1269 non
866 1223 985 1284 capere,
1013 1206 1064 1269 nili
1089 1206 1165 1269 hanc
1186 1205 1255 1268 mihi

76 1313 187 1394 gratiam
214 1318 326 1394 facias,
353 1333 388 1379 ut
415 1317 590 1380 sententiam
615 1333 696 1381 tuam
718 1320 754 1380 de
774 1317 888 1380 sublimi
908 1318 966 1380 hoc
988 1333 1159 1400 argumento
1180 1337 1255 1381 non-

76 1424 140 1487 nihil
167 1429 354 1492 enucleatius
382 1445 414 1492 et
442 1429 559 1506 plenius
590 1430 660 1491 mihi
692 1430 823 1507 aperias,
853 1427 1036 1508 doceasque,
1067 1447 1199 1507 quanam
1219 1430 1256 1492 stt

75 1537 299 1603 strumentum
320 1541 634 1621 origoetprodusiio,
654 1559 807 1620 rerumque
819 1541 875 1604 ase
895 1541 1020 1605 invicem
1042 1542 1256 1619 dependentia,

75 1664 103 1710 et
121 1665 221 1713 mutua
242 1651 459 1716 subordinatio.
481 1655 527 1716 Ut
548 1652 655 1714 bacin
675 1671 707 1715 re
727 1653 818 1715 libere
839 1669 870 1716 et
890 1653 1015 1716 fidenter
1033 1671 1147 1716 meeum
1169 1673 1255 1736 agas,

75 1779 122 1838 pet
139 1779 219 1840 eam,
240 1783 330 1843 quam
350 1765 489 1829 inivimus
496 1811 507 1843 ,
534 1765 691 1829 amicitiam
711 1781 743 1828 te
764 1766 907 1845 conjuro,
928 1784 1060 1848 rogoque
1083 1767 1256 1848 enixissime,

76 1891 105 1936 ut
130 1875 299 1952 persuasum
326 1877 383 1939 ubi
410 1878 519 1940 habeat
546 1897 633 1956 quam
658 1879 798 1956 maxime,
820 1879 917 1942 omnia
937 1879 1006 1957 ista,
1026 1898 1092 1960 quae
1112 1880 1182 1944 mihi
1202 1881 1254 1945 im-

77 1987 169 2062 pertiri
190 1987 377 2070 dignaberis,
397 1989 511 2070 integra
532 2006 564 2052 et
583 1990 661 2055 salva
681 1991 763 2070 fore,
779 2010 884 2070 meque
905 1993 1072 2055 nullatenus
1091 1992 1255 2058 commih'u·

77 2116 150 2177 rum,
171 2115 205 2162 ut
226 2119 330 2164 eorum
352 2100 501 2180 quippiam
522 2101 552 2163 in
573 2101 618 2164 tui
639 2121 747 2166 notam
768 2119 820 2166 aut
840 2104 971 2168 fraudem
991 2123 1008 2165 a
1025 2123 1071 2168 me
1091 2107 1254 2186 evulqetur.

109 2214 141 2275 ln
168 2213 309 2296 Collegio
336 2215 436 2278 nostro
462 2215 674 2293 Philosophiae
701 2215 910 2294 experimentis
937 2233 969 2280 et
996 2218 1254 2283 obseruationibus

75 2326 210 2390 faciendis
241 2327 398 2410 gnaviter,
427 2343 569 2406 quantum
600 2345 653 2405 per
682 2327 840 2390 facultates
870 2327 961 2404 licet,
993 2327 1193 2408 indtslgemus,
1223 2345 1255 2392 et

76 2439 283 2504 concinnandae
310 2441 427 2504 Arrium
454 2440 692 2502 Machaniearum
713 2439 849 2502 Historiae
870 2439 1068 2517 immoramur,
1088 2457 1182 2504 ratum
1202 2442 1253 2503 ha-

75 2553 188 2630 bentes,
213 2571 252 2614 ex
282 2551 438 2629 Principiis
466 2551 650 2615 Mechanicit
671 2553 779 2614 formas
800 2567 830 2613 et
852 2551 1009 2629 qualitates
1027 2571 1121 2615 rerum
1142 2553 1254 2632 optime

75 2662 149 2737 polle
178 2663 339 2742 explicari,
367 2679 398 2725 et
425 2681 477 2742 per
504 2678 636 2741 motum,
656 2663 790 2744 liguram,
813 2679 903 2742 atque
924 2679 1087 2742 texturam,
1107 2680 1139 2727 et
1159 2666 1254 2730 varias

75 2793 167 2838 eorum
185 2776 432 2854 complicationes
454 2777 553 2839 omnia
573 2779 696 2839 Naturae
723 2775 826 2838 affesia
846 2777 988 2854 produci,
1008 2795 1062 2839 nec
1083 2796 1161 2855 opua
1181 2777 1254 2854 elle,

75 2906 105 2948 ut
123 2891 158 2951 ad
178 2891 289 2952 formas
316 2887 538 2966 inexplicabiles
566 2904 598 2951 et
625 2887 784 2967 qualitates
814 2890 964 2964 occultas,
994 2907 1049 2952 cett
1080 2889 1252 2970 ignorantiae

74 2997 193 3076 asylum,
214 3017 404 3062 recurramus.
444 2999 582 3077 Librum,
602 3019 689 3080 quem
709 2999 842 3078 promisi,
861 3000 917 3062 tibi
938 3002 1145 3079 transmittam,
1165 3019 1253 3080 quam

75 3109 189 3184 primum
221 3109 326 3191 Legati
355 3111 441 3175 vestri
467 3109 577 3191 belgici
584 3158 594 3189 ,
621 3130 672 3189 qut
699 3111 748 3173 hic
769 3126 876 3192 agunt,
897 3111 1036 3176 nuncium
1057 3113 1181 3191 aliquem
1203 3113 1252 3192 (ut

76 3219 144 3296 sape
173 3223 272 3282 facere
304 3221 413 3300 solent)
446 3223 558 3302 Hagam
589 3221 716 3284 Comitia
747 3223 927 3300 expedient,
958 3241 1010 3287 aut
1041 3225 1251 3302 quamprimum

75 3331 189 3394 linitus
217 3331 335 3410 quidam
363 3331 453 3409 alius,
478 3333 527 3396 cui
548 3348 617 3396 tuto
639 3353 705 3397 eum
725 3335 907 3398 committere
928 3337 1044 3412 possim,
1065 3339 1102 3398 ad
1123 3353 1180 3400 vot
1200 3355 1251 3398 ex·

75 3459 173 3506 curret
217 3442 340 3506 Veniam
360 3458 434 3521 peto
454 3461 526 3507 mee
547 3445 712 3522 prolixitati
734 3462 763 3509 et
784 3447 929 3522 libertati,
949 3463 1039 3526 atque
1060 3447 1147 3510 unice
1166 3467 1251 3528 rogo,

76 3567 106 3614 ut
124 3573 188 3632 quar
211 3553 270 3617 fine
290 3555 358 3618 uilis
379 3555 539 3620 involucris
561 3572 592 3619 et
613 3558 765 3638 elegantiis
786 3559 888 3622 aulicis
907 3559 997 3622 libere
1019 3562 1056 3623 ad
1077 3575 1142 3623 tuas
1163 3579 1250 3639 repo-

77 3662 130 3742 sui,
148 3665 177 3728 in
200 3669 307 3728 bonam
328 3682 460 3746 partem,
481 3682 515 3731 ut
536 3668 620 3730 antici
642 3670 754 3749 solent,
782 3671 925 3748 accipias,
946 3689 1050 3749 meque
1071 3674 1171 3736 credas
1192 3674 1251 3736 sane

77 3775 139 3840 stato
157 3795 189 3841 et
209 3793 272 3841 arte

793 3889 860 3951 Tibi
879 3888 1101 3973 Addibit‘fflnusm

848 4019 961 4084 Haut.
982 4019 1209 4084 Ototntuao.

105 4091 226 4158 hudini,
242 4092 285 4145 die
302 4105 345 4158 27.
361 4095 490 4162 septemb.
509 4093 582 4150 mor.
