2926 4896
477 347 680 428 Epistola
705 343 785 412 XIX.

304 526 489 588 Enrsn
512 546 530 588 ο
554 546 617 590 cn
649 527 718 588 XIX
742 525 949 592 (vunnu)-

363 683 438 743 Viro
458 683 615 764 Dodtffimo
636 700 670 744 ac
690 681 904 763 Prudentt’fflmo

228 836 544 899 curctccmo
574 837 640 898 oc
671 821 1034 898 ncucnnc'nou

565 977 700 1038 B.1›.S.

416 1119 568 1200 Responfio
586 1122 630 1181 ad
642 1123 853 1202 precedentem.

559 1259 662 1320 Versro
684 1261 707 1321 *.

159 1419 255 1477 Amice
276 1419 393 1493 Ignote,

89 1554 237 1629 Epistulam
259 1572 340 1618 tuam
364 1573 410 1616 12.
430 1555 599 1617 Decembris
621 1557 734 1632 datam,
762 1572 792 1617 et
814 1556 843 1616 in
866 1555 921 1616 alia
942 1555 1097 1631 inclusam,
1118 1555 1224 1632 scripta

57 1682 95 1743 24
115 1666 236 1742 ejusdem
268 1668 388 1744 menis,
420 1671 468 1729 26.
500 1667 664 1729 Schiedami
695 1671 809 1730 demum
841 1668 958 1745 accepi,
979 1672 1058 1731 unde
1079 1667 1223 1730 intensum

57 1793 125 1838 tuum
146 1777 277 1842 ueritatis
299 1798 442 1856 amorem,
463 1797 584 1857 eamque
612 1779 795 1842 solummodo
822 1779 952 1841 omnium
973 1780 1133 1841 studiorum
1154 1795 1224 1840 tuo·

56 1907 105 1947 nun
132 1890 251 1969 scopum
283 1891 357 1967 elle,
386 1891 598 1971 intelligebam:
632 1894 715 1968 quod
737 1909 798 1968 me,
819 1892 871 1970 qui
893 1892 979 1952 etiam
1001 1892 1031 1953 in
1052 1892 1125 1953 nihil
1146 1893 1225 1953 aliud

54 1999 162 2062 animum
192 2001 321 2064 intendo
329 2047 339 2080 ‚
369 2019 404 2065 ut
434 2005 638 2066 concluderem
666 2003 780 2083 coegit,
807 2023 869 2065 non
890 2019 1004 2066 tantum
1025 2005 1223 2080 petitionem,

56 2129 143 2187 nempe
157 2129 190 2174 ut
206 2117 244 2174 ad
260 2130 341 2189 tuas,
363 2133 435 2191 quas
452 2115 511 2192 jam
534 2114 625 2177 mittis
647 2131 677 2176 et
699 2114 884 2191 imposterum
905 2116 1019 2192 mittes,
1040 2115 1224 2199 Quaestiones

56 2240 97 2296 pro
123 2224 235 2286 viribus
266 2228 324 2287 mei
354 2227 518 2290 intelleelue
548 2227 771 2305 responderem,
803 2230 887 2305 plene
919 2231 1098 2305 concedere,
1125 2227 1224 2291 uer'um

57 2334 136 2394 omnia
161 2354 284 2414 quoque
312 2355 366 2414 pro
395 2357 460 2400 mea
480 2356 561 2416 parte
583 2341 733 2417 conferre,
754 2359 820 2417 quae
842 2341 975 2402 ulteriori
996 2339 1113 2401 notitiae
1134 2340 1225 2400 since·

56 2461 134 2521 taque
164 2447 302 2510 amicitiae
332 2449 469 2513 inservire
501 2468 625 2528 queunt.
666 2452 818 2534 Quantum
851 2453 926 2512 enim
957 2453 994 2512 ad
1022 2470 1066 2511 me
1095 2451 1223 2511 attinet:

56 2557 141 2618 Nullas
170 2578 208 2620 ex
241 2561 379 2624 omnibus
410 2565 513 2639 rebus,
545 2581 609 2640 quae
631 2564 660 2624 in
682 2563 827 2640 potestate
859 2581 922 2624 mea
944 2581 1004 2624 non
1025 2562 1114 2637 sunt,
1135 2563 1225 2638 pluria

58 2669 135 2747 ficio,
156 2692 244 2750 quam
266 2691 332 2734 cum
353 2674 433 2735 Viris
452 2676 607 2738 veritatem
628 2675 735 2738 sincere
758 2675 922 2737 amantibus
944 2675 1041 2737 foedus
1062 2674 1133 2735 inire
1155 2673 1224 2734 ami·

56 2779 133 2860 citie;
154 2786 224 2862 quia
246 2788 351 2862 credo,
372 2805 427 2848 nos
448 2788 521 2850 nihil
542 2789 662 2850 omnino
674 2790 704 2850 in
716 2791 841 2864 munde,
860 2790 942 2865 quod
958 2787 1061 2848 nostrae
1072 2786 1225 2864 potestatis

56 2897 175 2973 nonest,
195 2897 401 2976 tranquillius,
422 2918 509 2977 quam
529 2900 689 2963 istiusmodi
705 2900 855 2977 homines,
874 2897 1225 2977 posseamare3qu0niam

55 3021 99 3065 nm
123 3007 295 3086 impollibile
316 3010 357 3071 est
378 3029 503 3074 amorem
525 3011 696 3088 dissolvere,
717 3031 803 3090 quem
824 3012 845 3072 ii
866 3030 932 3091 erga
953 3011 1079 3075 invicem
1098 3011 1226 3086 habent,

57 3124 182 3196 eoquod
203 3141 314 3200 amore,
336 3141 422 3201 quern
443 3124 641 3203 unusquisque
663 3143 729 3205 erga
750 3125 884 3188 veritatis
906 3123 1106 3203 cognitionem
1126 3124 1226 3198 habet,

56 3231 182 3297 fundatus
211 3237 271 3311 eli,
300 3255 386 3313 quam
413 3237 502 3314 ipsam
531 3238 684 3300 veritatem
706 3237 793 3297 semel
814 3251 981 3313 perceptam
1003 3254 1062 3296 non
1083 3235 1225 3311 amplesli.

54 3341 93 3403 list
120 3347 237 3426 insuper
258 3347 385 3411 summus
405 3367 438 3410 ac
459 3349 645 3429 gracillimus,
667 3347 717 3425 qui
739 3347 768 3408 in
789 3365 835 3408 res
856 3348 901 3423 **,
922 3365 987 3424 quae
1008 3345 1097 3407 nostri
1117 3344 1227 3407 arbitrii

57 3473 106 3517 non
135 3460 219 3536 sunt,
252 3460 314 3523 dari
344 3462 457 3538 potest;
489 3460 728 3538 quandoquidem
750 3460 827 3521 nulla
849 3476 912 3536 res,
932 3473 1036 3534 praeter
1056 3457 1226 3534 veritatem,

55 3565 170 3634 diuersos
203 3572 303 3634 sensus
335 3589 365 3634 et
395 3573 509 3635 animos
539 3574 658 3650 penitus
698 3572 779 3634 unire
811 3572 901 3634 valet.
949 3569 1051 3630 Taceo
1089 3568 1227 3630 maximas

55 3679 200 3760 utilitates,
222 3701 289 3762 quae
312 3683 380 3745 inde
401 3687 515 3762 fluunt,
535 3685 693 3764 ut'rebus,
719 3701 793 3761 quac
814 3680 1030 3758 proculdubio
1052 3679 1114 3756 ipse
1135 3681 1227 3758 nosti,

54 3791 149 3856 diutius
170 3813 201 3858 te
224 3812 287 3858 non
309 3796 472 3874 detineam,
494 3801 576 3875 quod
597 3813 694 3859 tamen
714 3797 772 3858 huc
795 3795 887 3872 usque
900 3793 982 3881 secl,
1002 3811 1064 3870 quo
1077 3811 1113 3854 eo
1125 3793 1227 3854 melius

58 3933 321 3953 *Q———n—

80 4021 91 4050 a
107 4023 151 4085 lpll
168 4023 288 4088 Spinozte
299 4021 440 4074 tribuenda.
450 4023 512 4074 Nam
522 4021 565 4074 etil
575 4022 718 4086 exemplum
728 4021 891 4074 vernaculum
901 4023 992 4072 habere
1001 4033 1119 4085 poterant
1128 4033 1228 4073 veteres

56 4101 163 4167 editores,
188 4119 273 4158 tamen
301 4105 326 4156 in
354 4104 465 4173 margine
492 4106 539 4157 Ed.
564 4106 634 4172 Belg.
660 4105 748 4156 Latirm
766 4104 891 4156 vocabula
908 4103 1030 4168 adscripta
1048 4102 1113 4156 sunt.
1130 4107 1184 4154 Nec
1200 4105 1225 4154 in

55 4189 156 4251 exemplo
174 4189 222 4240 illo
241 4201 296 4240 erat
315 4187 449 4252 Weardsse
470 4189 563 4240 Velent
580 4203 627 4240 nee
645 4189 731 4238 Amice
748 4188 857 4254 Ignota,
874 4201 930 4250 quae
948 4189 974 4238 ln
993 4185 1120 4251 Operibus
1143 4185 1227 4236 Posth-

56 4263 142 4332 Ῑὲςυιιῐιι
185 4271 229 4324 cf.
246 4287 303 4340 pag.
320 4271 362 4340 69.

82 4350 104 4376 ⁸¹
136 4355 183 4405 lid.
201 4357 262 4406 Pu:
280 4369 331 4420 quea
350 4357 376 4405 in
394 4355 477 4406 rebus.

139 4439 163 4488 ll
1113 4446 1127 4496 5
