2926 4896
469 379 672 464 Epistola
702 371 812 448 x'vlll.
1189 373 1229 462 6'3

47 579 186 624 comtum
217 562 399 626 construere.
440 565 540 638 Deua,
571 561 653 627 verbi
684 561 786 638 causi,
816 580 876 622 non
907 576 1021 622 tanturn
1053 559 1163 634 efficit,
1195 576 1229 622 ut

48 674 158 749 anima,
188 673 356 738 immediati
391 674 449 736 Dei
480 676 635 738 volontate
666 690 755 750 atque
793 672 967 749 operatione
1005 672 1140 750 (perinde
1172 671 1228 746 est,

47 787 202 862 quomodo
231 785 263 848 id
292 787 440 866 nominee)
471 787 584 850 diutior
614 786 736 862 existat,
766 785 857 862 inque
878 785 930 846 suo
952 784 1116 860 perseveret
1136 783 1229 860 stetu3

49 917 149 962 rerum
178 899 268 962 etiam
297 899 381 962 causa
402 900 458 975 est,
479 915 512 962 ut
532 901 584 962 tnii
606 902 694 962 modo
715 898 773 962 sese
795 900 832 962 ad
852 897 953 960 animae
975 911 1085 958 motum
1107 896 1231 958 habeat:

47 1013 102 1072 hoc
123 1012 185 1088 est,
211 1013 456 1088 quemadmodum
484 1011 626 1074 continua
654 1011 712 1072 Dei
732 1010 845 1072 creatio
867 1009 976 1083 efficit,
997 1024 1030 1070 ut
1052 1025 1096 1070 tes
1117 1007 1229 1070 diutius

48 1123 191 1197 existant,
218 1122 260 1184 ita
287 1141 407 1200 quoque
435 1139 560 1186 conatus
589 1123 637 1185 vel
663 1140 755 1184 rerum
777 1137 876 1184 motus
897 1138 949 1197 per
970 1123 1090 1182 eandem
1116 1118 1229 1180 causam

47 1235 77 1294 fit
109 1235 140 1295 in
174 1235 278 1310 rebua;
308 1235 547 1313 quandoquidem
579 1249 661 1298 extra
687 1237 782 1296 Deum
811 1235 889 1296 nulla
910 1233 1008 1294 motus
1029 1234 1116 1296 datur
1135 1230 1230 1293 causa.

47 1346 188 1422 Sequitur
218 1345 324 1424 igitur,
354 1348 448 1410 Deum
480 1363 540 1408 non
562 1361 676 1408 tantum
697 1345 809 1408 causum
832 1343 887 1408 effe
908 1344 1080 1408 substantie
1102 1343 1232 1418 Mentis,

47 1457 93 1518 sed
116 1459 208 1519 etiam
230 1457 432 1536 cujuscunque
453 1473 578 1522 conatur
600 1461 648 1522 vel
669 1474 767 1520 mortu
789 1459 920 1534 Mentis,
941 1475 1027 1534 quem
1048 1459 1231 1520 voluntatem

46 1588 269 1646 nuncupamus,
289 1571 383 1634 veluti
404 1571 499 1646 pauni
520 1571 638 1646 statium
659 1589 696 1632 ex
718 1587 775 1648 qua
797 1570 950 1632 assertione
971 1570 1057 1633 etiarn
1076 1567 1230 1631 necessario

46 1681 129 1758 sequi
151 1682 287 1759 videtur,
307 1684 357 1745 vel
377 1682 417 1744 nil
438 1683 504 1744 maii
524 1684 555 1744 in
576 1699 660 1744 motu
680 1682 739 1746 ssve
762 1683 867 1744 mentis
888 1683 1043 1745 voluntate
1062 1683 1079 1718 *
1100 1680 1232 1757 effe,vel

45 1797 142 1856 Deum
164 1795 258 1872 ipsum
278 1795 350 1858 iliud
371 1797 475 1858 melum
496 1796 661 1858 immediate
682 1796 807 1872 operari.
848 1797 923 1858 Narn
944 1815 978 1856 ea
1000 1811 1139 1872 quoque,
1162 1813 1228 1872 que

45 1907 118 1964 mala
148 1905 345 1980 appellamur,
373 1923 424 1980 per
444 1905 582 1981 animem,
607 1919 637 1966 et
659 1905 873 1982 consequenter
891 1923 944 1982 per
963 1903 1110 1982 ejusmodi
1131 1904 1230 1966 imme·

45 2017 160 2078 diarum
188 2016 332 2080 induxum
361 2031 390 2078 et
418 2019 474 2078 Dei
495 2018 693 2080 concursum*
714 2020 798 2080 fiunt.
838 2019 973 2096 Exemph'
993 2020 1102 2099 gratia,
1123 2020 1230 2082 Arima

44 2130 154 2190 Adami
183 2130 250 2193 vult
270 2131 355 2191 edere
377 2133 414 2192 de
436 2131 532 2193 fructu
552 2130 720 2207 prohibiro;
742 2130 868 2194 efficitur
888 2150 975 2211 ergo,
992 2132 1078 2209 Juxta
1099 2133 1232 2209 superius

46 2239 175 2313 tradita,
202 2255 263 2302 non
285 2255 398 2302 rentum
422 2254 453 2302 ut
475 2240 522 2301 illa
542 2241 649 2302 Adami
669 2241 810 2302 voluntas
831 2257 885 2316 per
902 2241 960 2302 Dei
980 2241 1121 2304 influnum
1143 2242 1231 2317 velit,

46 2351 94 2414 sed
127 2349 237 2426 eriam,
268 2353 511 2428 quemadmodum
542 2351 637 2414 strtim
668 2352 852 2429 ostendetur,
883 2368 916 2414 ut
947 2353 998 2416 tah'
1028 2356 1118 2416 modo
1139 2354 1233 2430 velit;

47 2467 120 2526 adeo
156 2479 190 2526 ut
221 2463 268 2524 iiie
300 2465 405 2526 Adami
436 2464 603 2539 prohibitus
635 2467 732 2540 adite,
763 2481 909 2542 quatenus
938 2467 1021 2528 Deus
1051 2485 1111 2529 non
1141 2469 1232 2529 modo

47 2577 233 2638 voluntatem
252 2575 318 2652 ejus
338 2577 493 2654 movebat,
514 2577 564 2638 sed
584 2592 615 2641 et
635 2593 781 2653 quatenus
801 2595 863 2638 eam
886 2579 936 2638 tali
958 2581 1047 2640 modo
1074 2581 1229 2654 movebat,

47 2690 91 2749 vel
112 2687 146 2748 in
166 2686 196 2748 se
225 2703 285 2748 non
312 2686 347 2748 stt
375 2689 483 2763 malou,
510 2688 617 2752 velut
644 2689 727 2750 Deus
748 2687 808 2764 ipse
836 2688 908 2750 illud
936 2690 1049 2766 operari
1075 2690 1230 2765 videatur,

46 2803 127 2876 quod
150 2817 208 2862 nos
228 2801 331 2860 malum
354 2817 504 2864 vocamur.
526 2802 590 2862 Nec
611 2815 662 2862 aut
684 2817 717 2862 tu
738 2817 789 2862 aut
810 2803 848 2862 D.
870 2800 1016 2862 Cartefiue
1031 2801 1109 2864 hunc
1120 2804 1230 2864 nodum

47 2913 161 2974 solvere
189 2911 314 2987 videris,
341 2913 468 2976 dicendo
497 2913 601 2974 maium
630 2911 684 2974 effe
714 2915 781 2974 Non
802 2913 880 2989 Eas,
901 2931 966 2976 cum
988 2931 1048 2990 quo
1069 2915 1151 2976 Deua
1171 2931 1232 2976 non

47 3025 214 3088 concurrit:
243 3027 320 3086 unde
348 3025 424 3086 enim
452 3025 592 3088 voluntas
619 3025 725 3088 edendi
754 3040 805 3086 aut
826 3028 964 3090 voluntas
984 3025 1175 3088 Diabolorum
1196 3028 1233 3090 nd

47 3133 212 3210 superbiam
234 3136 435 3210 procedebat?
456 3137 532 3196 Nam
554 3136 692 3213 quoniam
714 3139 853 3200 voluntas
864 3138 913 3216 (ut
923 3139 999 3200 reste
1011 3137 1231 3216 animadvertis)

47 3264 106 3306 non
127 3245 163 3306 stt
186 3244 329 3308 diversum
351 3245 421 3324 quid
444 3250 479 3307 ab
501 3246 561 3323 ipsa
583 3249 704 3322 Mente,
726 3247 774 3310 sed
795 3247 830 3309 stt
851 3247 898 3308 hic
920 3264 970 3310 aur
987 3249 1035 3310 ille
1053 3263 1169 3323 motus,
1184 3249 1231 3310 vel

48 3359 161 3419 Mentis
195 3372 319 3421 conatus
338 3359 371 3434 *,
401 3374 460 3419 tam
492 3361 528 3420 ad
550 3359 624 3420 hanc
646 3377 731 3436 quam
754 3363 790 3421 ad
811 3359 885 3420 illam
907 3361 1068 3421 motionem
1089 3359 1233 3422 concursu

48 3471 103 3530 Dei
124 3470 153 3532 ei
175 3488 253 3546 opus
274 3469 347 3546 erit;
365 3469 424 3547 jam
446 3489 518 3535 vero
539 3471 596 3532 Dei
618 3470 795 3547 concursus,
817 3487 850 3532 ut
872 3489 908 3531 ex
931 3471 1045 3547 scriptis
1065 3470 1124 3532 tuis
1146 3469 1231 3531 intel·

48 3583 126 3659 ligo,
154 3581 228 3642 nihil
256 3583 333 3644 aliud
363 3583 421 3656 est,
450 3601 536 3660 quam
565 3601 623 3643 rem
652 3602 702 3659 per
723 3583 801 3644 stram
830 3585 1012 3646 voluntatem
1032 3581 1091 3642 hoc
1114 3583 1160 3644 vel
1180 3581 1231 3642 iiio

51 3695 135 3768 pado
164 3693 374 3756 determinare:
405 3694 551 3772 sequitur,
572 3713 641 3774 ergo
662 3695 766 3756 Deum.
779 3713 861 3772 aeque
883 3714 948 3756 cum
968 3697 1040 3756 mala
1062 3697 1232 3771 voluntate,

51 3821 199 3880 quatenus
227 3805 298 3866 mala
331 3805 389 3880 eii,
419 3825 452 3867 ae
483 3825 550 3868 cum
579 3808 673 3883 bona,
702 3823 848 3884 quatenus
868 3809 946 3867 bona
968 3807 1024 3882 est,
1045 3823 1232 3879 concurrere,

49 3917 107 3978 hoc
135 3917 194 3993 est,
222 3935 284 3978 eam
313 3919 514 3982 determinare.
555 3921 630 3980 Nam
652 3921 792 3982 voluntas
813 3919 887 3994 Dei,
908 3937 973 3996 quae
995 3916 1079 3979 causa
1100 3917 1232 3979 absoluta

52 4029 91 4088 est
111 4029 243 4092 omnium
264 4048 329 4106 quae
353 4029 497 4106 existunt,
517 4045 576 4090 tam
597 4031 627 4091 in
649 4029 806 4092 substantia
829 4047 914 4106 quam
936 4029 1232 4105 intonatu‚videtur

85 4305 96 4332 ⁸
129 4303 262 4370 Intelliger
287 4304 313 4354 r'n
336 4303 429 4353 mentis
445 4311 513 4352 motu
533 4301 583 4368 five
599 4303 733 4354 voluntate
750 4313 776 4352 et
793 4315 867 4352 mox:
884 4302 935 4351 Dei
953 4299 1072 4364 inflexum
1091 4309 1117 4349 er
1134 4312 1232 4349 concur·

51 4384 117 4446 [κως
134 4385 361 4460 deindetdiemir
378 4393 460 4434 morus
477 4385 518 4436 rel
535 4395 640 4436 coortus
657 4386 721 4451 (Ex.
738 4385 831 4451 deig.)-
