2926 4896
206 369 246 431 42
647 351 850 428 Epistola
882 353 949 412 Xil.

247 531 293 590 Ex
326 530 433 608 quibus
465 530 602 592 omnibus
632 531 707 591 clare
739 531 868 608 constat,
898 549 954 592 nos
981 533 1140 592 Medorum
1161 531 1346 593 existentiam
1369 549 1402 592 et

206 641 417 718 Durationem,
444 641 512 717 ubi,
540 657 574 702 ut
601 641 748 718 saepillime
775 643 827 718 sit,
854 644 891 703 ad
912 643 1001 704 solam
1023 661 1124 704 eorum
1147 641 1313 721 ellenriam,
1336 663 1401 705 non

150 811 153 820 ,
207 771 279 816 vcro
308 754 344 815 ad
372 751 503 814 ordinem
532 754 653 814 Naturae
682 753 877 830 attendimus,
906 757 942 816 ad
974 754 1088 816 libitum
1120 755 1306 834 (etquidem
1329 773 1400 833 pro·

209 881 309 943 pterea
341 867 524 941 nullatenus,
555 883 641 943 quem
674 885 774 927 eorum
802 867 942 928 habemus
979 883 1174 944 conceptum,
1205 868 1400 947 destruendo)

209 977 416 1054 determinare,
445 977 581 1055 majorem
610 977 809 1054 minoremque
838 977 1016 1055 concipere,
1038 993 1126 1055 atque
1148 978 1177 1063 in
1199 994 1297 1055 partes
1319 978 1401 1040 divi-

211 1089 278 1149 dere
310 1087 406 1165 polle3
438 1089 647 1150 AEtemitatem
678 1108 750 1152 vero
783 1105 813 1151 et
841 1090 1054 1166 Substantiam,
1074 1089 1315 1167 quandoquidem
1337 1109 1401 1151 non

209 1199 261 1262 nist
282 1200 403 1262 infinite
426 1201 543 1276 concipi
564 1200 698 1278 poliunt,
719 1201 791 1262 nihil
809 1219 910 1264 eorum
929 1203 991 1279 pati
1009 1202 1105 1279 polle,
1124 1202 1176 1263 nili
1195 1201 1276 1263 fimul
1294 1219 1400 1263 eorum

209 1329 386 1388 conceptum
408 1313 593 1374 destruamus.
615 1314 713 1394 Quare
725 1313 744 1373 ii
757 1315 874 1390 prorsus
895 1312 1044 1393 garriunt,
1066 1333 1102 1376 ne
1124 1315 1218 1376 dicam
1239 1314 1401 1389 insaniunt,

208 1425 260 1503 qui
287 1424 481 1487 Substantiam
509 1424 667 1486 Extensam
695 1443 733 1486 ex
764 1425 914 1501 partibus,
935 1425 994 1488 srvc
1016 1425 1191 1502 corporibus
1213 1427 1249 1486 ab
1271 1425 1401 1488 invicem

208 1538 323 1599 realiter
353 1537 510 1613 distindlis,
542 1539 699 1598 conflatam
731 1536 787 1599 esse
819 1553 935 1614 putant.
978 1538 1101 1599 Perinde
1133 1539 1209 1599 enim
1240 1538 1299 1614 est,
1321 1539 1400 1599 acsr

210 1649 277 1727 quis
297 1669 334 1711 ex
355 1650 415 1711 sola
436 1649 588 1712 additione
605 1664 635 1710 et
652 1650 879 1712 coacervatione
898 1651 1055 1712 multorum
1076 1650 1250 1712 circulorum
1272 1653 1401 1728 quadra·

210 1778 289 1838 tum,
316 1777 368 1824 aut
395 1762 586 1840 triangulum,
615 1777 667 1822 aut
696 1761 768 1838 quid
797 1761 892 1838 aliud,
913 1777 978 1824 tota
1001 1761 1120 1824 eil'entia
1140 1763 1304 1838 diversum,
1326 1781 1400 1823 con-

210 1876 279 1935 flare
307 1873 429 1936 studeat.
470 1874 569 1956 Quare
596 1873 691 1951 omnis
713 1873 761 1934 illa
783 1875 895 1954 farrago
918 1889 1172 1953 argumentorum,
1193 1873 1302 1952 quibus
1323 1875 1400 1935 Sub-

210 1985 341 2048 stantiam
363 1985 519 2047 Extensam
540 1985 651 2047 linitam
673 1986 729 2048 else
751 1987 902 2050 ostendere
924 1988 1095 2064 Philosophi
1117 1990 1209 2067 vulgo
1226 1985 1400 2063 moliuntur,

210 2096 261 2158 sua
281 2095 387 2173 sponte
408 2096 483 2158 ruit:
504 2097 609 2158 Omnia
631 2097 706 2158 enim
729 2099 777 2158 illa
798 2097 992 2160 Substantiam
1011 2117 1183 2176 corpoream
1205 2119 1242 2161 ex
1265 2098 1401 2174 partibus

212 2209 367 2269 conflatam
390 2208 573 2285 supponunt.
604 2210 653 2271 Ad
674 2213 798 2272 eundem
820 2209 907 2272 etiam
927 2215 1045 2274 modum
1068 2211 1133 2288 alii,
1153 2210 1220 2289 qui,
1245 2211 1401 2289 postquam

212 2320 264 2381 srbi
285 2319 505 2398 persuaserunt,
525 2322 629 2382 lineam
652 2341 688 2382 ex
708 2323 825 2399 puntlis
848 2325 1004 2401 componi,
1025 2325 1116 2386 multa
1137 2323 1268 2388 invenire
1290 2339 1400 2401 potue-

212 2451 280 2498 runt
312 2452 495 2514 argumenta,
526 2435 635 2512 quibus
667 2435 870 2513 ostenderent,
901 2437 1006 2498 lineam
1038 2456 1097 2498 non
1125 2436 1231 2498 esseio
1253 2436 1400 2498 inlinitum

213 2549 393 2614 divilibilem.

252 2663 282 2725 si
314 2679 410 2726 tamen
441 2683 569 2742 quaeras,
602 2682 653 2725 cur
684 2679 795 2726 uaturae
828 2662 953 2740 impulsu
984 2665 1059 2725 adeo
1091 2662 1225 2740 propensi
1254 2663 1341 2724 fimus
1364 2665 1400 2724 ad

213 2776 400 2839 dividendam
428 2775 614 2838 substantiam
643 2777 807 2854 extensam
833 2780 870 2839 ad
892 2777 922 2838 id
942 2776 1125 2853 respondeo,
1145 2779 1226 2853 quod
1248 2775 1401 2853 quantitas

214 2890 332 2950 duobus
352 2888 447 2949 modis
469 2888 592 2950 anobis
614 2889 816 2965 concipiatur:
839 2889 976 2950 abstracte
1006 2887 1131 2963 scilicet,
1153 2886 1212 2949 srve
1234 2887 1401 2963 superficia-

213 2999 295 3076 liter,
327 3015 415 3075 prout
447 3017 505 3076 ope
537 3000 670 3062 sensuum
702 3019 764 3062 eam
796 3001 825 3062 in
856 3001 1065 3080 imaginatione
1096 2999 1253 3076 habemus;
1286 3000 1333 3063 vel
1367 3014 1400 3060 ut

215 3111 388 3188 substantia,
409 3115 491 3188 quod
514 3131 574 3174 non
596 3112 647 3174 nist
670 3132 686 3173 a
707 3113 770 3174 solo
792 3113 941 3176 intelleslu
959 3114 1002 3173 fit.
1042 3113 1161 3188 itaque,
1183 3111 1202 3171 sr
1223 3113 1261 3172 ad
1282 3111 1400 3188 quanti-

212 3239 321 3300 tatem,
352 3239 441 3301 prout
473 3223 513 3285 est
545 3225 574 3285 in
606 3225 831 3304 imaginatione,
863 3226 1059 3300 attendimus,
1091 3226 1173 3302 quod
1202 3223 1349 3300 lapillime
1369 3239 1401 3283 et

214 3335 327 3398 facilius
348 3337 398 3412 lit,
419 3355 453 3396 ea
475 3335 643 3414 divisibilis,
663 3337 763 3414 linita,
785 3357 822 3398 ex
844 3337 976 3414 partibus
999 3334 1178 3412 composita,
1196 3351 1227 3396 et
1246 3336 1401 3411 multiplex

214 3449 382 3525 reperietur.
423 3447 473 3510 Sin
503 3451 538 3510 ad
567 3451 704 3524 eandem,
733 3465 823 3525 prout
844 3450 885 3510 est
908 3449 937 3510 in
960 3449 1126 3524 intelledtu‚
1149 3450 1349 3522 attendamus,
1370 3465 1400 3508 et

214 3578 259 3621 res
267 3606 277 3637 ,
297 3577 330 3621 ut
350 3560 379 3621 in
401 3561 429 3621 se
456 3560 512 3636 est,
544 3559 731 3636 percipiatur,
762 3564 843 3638 quod
876 3559 1041 3621 difficillime
1073 3561 1123 3636 lit,
1155 3575 1235 3635 tum,
1267 3575 1300 3620 ut
1331 3557 1400 3619 satis

215 3673 338 3733 antehac
367 3672 421 3733 ribi
450 3672 662 3749 demonstravi,
692 3671 821 3748 infinita,
851 3671 1051 3747 indivisibilis,
1072 3686 1102 3732 et
1124 3670 1210 3732 unica
1231 3669 1399 3746 reperietur.

255 3784 345 3844 Porro
373 3803 410 3844 ex
438 3801 492 3858 eo,
520 3787 601 3861 quod
629 3784 821 3846 Durationem
843 3801 873 3846 et
895 3785 1098 3868 Quantitatem
1121 3802 1175 3860 pro
1196 3783 1283 3845 libitu
1305 3785 1400 3844 deter-

214 3895 322 3956 minare
350 3894 515 3970 possumus,
541 3895 593 3956 ubi
622 3895 732 3957 scilicet
757 3896 832 3956 banc
855 3916 870 3956 a
893 3896 1059 3958 Substantia
1081 3895 1246 3958 abstrasiam
1267 3894 1400 3970 concipi-

216 4025 295 4082 mus,
317 4022 346 4067 et
367 4006 443 4068 illam
465 4025 481 4066 a
502 4011 609 4083 modo,
630 4027 690 4086 quo
713 4027 730 4068 a
750 4011 838 4070 rebus
865 4009 982 4069 aeternis
1004 4007 1086 4082 fluit,
1107 4006 1286 4082 separamus,
1308 4005 1401 4067 oritur

214 4120 346 4196 Tempus
378 4135 408 4180 et
440 4120 593 4195 Mensura;
624 4121 757 4196 Tempus
789 4139 892 4196 nempe
915 4123 951 4181 ad
972 4119 1180 4192 Durationem,
1202 4117 1342 4178 Mensura
1364 4122 1401 4178 ad

215 4233 419 4316 Quantitatem
451 4211 501 4292 tali
533 4234 623 4293 modo
655 4232 920 4309 determinandam,
942 4247 992 4306 ut,
1013 4234 1113 4308 quoad
1134 4229 1194 4291 lieri
1216 4229 1331 4306 potest,
1351 4249 1399 4290 eas

215 4345 298 4408 facile
327 4343 523 4424 imaginemur.
564 4343 678 4404 Deinde
708 4363 745 4405 ex
774 4363 828 4419 eo,
857 4345 938 4422 quod
963 4343 1145 4404 Affediones
1166 4341 1340 4404 Substantiae
1361 4345 1396 4403 ab
