2926 4896
472 393 676 476 Epistola
707 395 789 462 vul.
1185 413 1221 481 31

55 589 83 632 at
108 577 179 634 ratio
205 572 363 651 afferatur,
390 594 443 634 cur
470 594 517 634 res
542 577 644 652 aliqua
673 574 724 636 hoc
750 588 804 635 aut
823 575 872 634 illo
892 575 1050 654 definiatur
1069 577 1156 650 modo,
1169 577 1227 653 sed

51 687 121 762 satis
147 687 192 764 est,
221 701 255 746 ιιι
286 705 433 764 nunquam
463 706 510 747 res
541 686 661 768 definita
691 687 839 766 asseratur
868 688 957 747 alicui
986 691 1152 762 convenire,
1172 688 1226 765 rufi

55 804 128 876 prius
154 800 344 880 definitionem
380 801 523 860 traditam
557 801 645 860 eidem
681 805 832 860 convenire
861 801 1074 879 demonstretur.
1115 801 1159 861 lta
1191 817 1224 862 ut

55 915 174 974 Botelius
204 913 293 988 velit,
327 915 410 989 quod
441 912 575 974 definitio
608 913 733 990 aiicujus
765 913 887 990 subjecti
910 917 1015 975 debeat
1036 915 1167 975 constare
1188 933 1227 975 ex

56 1026 167 1099 paffione
197 1024 257 1088 five
288 1025 429 1086 sttustura
460 1025 568 1101 prima,
599 1024 756 1100 essentiali,
787 1025 889 1086 nobis
905 1025 1064 1101 notissima,
1090 1041 1120 1086 et
1142 1045 1227 1103 vera;

55 1138 162 1200 Clanius
188 1157 250 1198 non
279 1138 338 1198 ita:
367 1136 427 1200 sive
454 1137 544 1214 prima
551 1183 561 1213 ,
582 1137 642 1201 sive
665 1137 826 1213 notissima,
847 1137 907 1201 sive
929 1157 997 1200 vera
1019 1157 1072 1199 nec
1095 1157 1131 1199 ne
1154 1139 1226 1200 nihil

54 1251 149 1324 refert,
180 1254 272 1312 modo
305 1269 342 1311 ne
373 1251 592 1326 definitionem,
624 1269 711 1328 quam
740 1250 931 1326 tradidimus,
959 1250 1046 1312 alicui
1069 1251 1228 1314 convenire

54 1360 186 1437 asseratur,
206 1361 262 1423 nisi
283 1362 365 1438 prius
385 1363 586 1424 definitionem
609 1363 744 1426 traditam
762 1364 856 1424 eidem
875 1363 1033 1425 convenite
1053 1364 1227 1424 demonsire-

54 1493 101 1534 tur.
121 1477 185 1536 Nos
205 1473 312 1552 potius
334 1475 459 1552 pedibus
476 1475 506 1536 in
525 1475 698 1537 sententiam
720 1475 827 1536 Botelli
849 1475 972 1550 iremus;
995 1475 1052 1536 utri
1073 1476 1229 1552 Dominus,

54 1607 83 1647 an
101 1590 193 1650 neutri
214 1590 321 1651 horum
343 1589 518 1665 concinnet,
550 1607 611 1650 non
632 1590 708 1649 bene
729 1587 843 1650 scimus.
885 1588 987 1667 Igitur,
1009 1606 1073 1650 cum
1095 1591 1169 1650 tales
1187 1579 1226 1650 'de

53 1701 226 1762 definitionis
248 1717 368 1776 natura,
390 1721 455 1779 quie
482 1701 559 1762 inter
589 1700 732 1778 principit
763 1699 1020 1762 demonstrationis
1042 1717 1228 1774 numeratur,

54 1812 272 1889 disceptationes
299 1814 386 1876 variae
414 1829 588 1890 moventur,
617 1829 647 1874 et
667 1813 688 1874 si
710 1813 822 1876 animus
850 1831 910 1875 non
937 1813 1106 1876 vindicatus
1127 1813 1168 1874 est
1189 1814 1226 1872 ab

53 1925 107 2000 ejus
125 1927 364 2003 difficultatibus,
386 1927 472 1988 etiarn
494 1945 554 1988 non
577 1930 613 1988 de
633 1926 683 2002 iis,
702 1945 767 2004 quae
779 1930 815 1987 de
827 1945 861 1986 ea
873 1929 1072 2001 deducuntur;
1093 1943 1227 2004 magnum

54 2039 129 2098 nobis
154 2039 225 2100 esset
253 2038 441 2115 desiderium,
469 2054 502 2100 ιιι
532 2039 696 2099 dominatio
726 2037 820 2101 vestra
848 2041 884 2099 ad
905 2057 977 2112 nos,
999 2040 1121 2100 multum
1144 2037 1229 2099 nimis

55 2153 191 2228 negotium
215 2151 312 2212 tibist
334 2169 394 2213 non
417 2150 601 2227 facessamus,
622 2169 732 2227 perque
755 2151 848 2212 otium
866 2151 1227 2228 tuurnliceat‚scriberet,

54 2261 115 2336 quid
134 2263 194 2339 ipsa
216 2266 253 2324 de
274 2281 309 2324 ea
329 2281 360 2324 re
382 2263 503 2340 sentiat,
524 2263 611 2324 etiam
633 2281 698 2340 quae
729 2263 770 2323 est
797 2262 943 2324 distindiio
974 2263 1051 2324 inter
1081 2263 1227 2323 axiomata

55 2390 77 2431 et
105 2375 303 2436 definitiones.
344 2377 476 2437 Borellus
509 2393 580 2437 vero
613 2376 718 2437 nullam
751 2392 847 2438 veram
879 2375 1027 2451 admittit,
1056 2375 1106 2436 nisi
1128 2379 1227 2453 quoad

54 2503 165 2561 nomen,
187 2487 239 2548 sed
260 2503 291 2547 te
313 2488 397 2549 asiam
420 2505 530 2564 ponere
551 2490 650 2549 credo.

87 2598 173 2658 Porro
200 2598 345 2659 Definitio
374 2599 429 2675 gtit
456 2598 543 2659 nobis
571 2617 632 2660 non
661 2596 730 2658 satis
751 2598 882 2675 constat;
904 2599 932 2659 in
954 2600 1118 2676 exemplum
1140 2599 1227 2662 attuli

54 2713 125 2782 quod
156 2709 304 2770 Dominus
336 2709 405 2771 mihi
437 2711 513 2772 dixit
545 2709 772 2789 Hagaecomitis,
803 2710 863 2772 scil.
896 2713 977 2787 quod
1014 2713 1076 2774 Res
1108 2712 1226 2772 duobus

55 2819 139 2880 nodis
167 2821 265 2896 potest
293 2820 487 2897 considerari,
517 2824 566 2885 vel
594 2839 684 2898 prout
706 2822 735 2882 in
756 2822 785 2882 se
808 2823 865 2898 esi,
887 2823 935 2884 vel
957 2837 1046 2898 prout
1067 2821 1226 2899 respestum

53 2931 132 2992 habet
154 2934 190 2993 ad
215 2932 307 3009 aliud,
329 2934 374 2994 uti
394 2935 577 3009 lntellesius3
595 2935 643 2995 vei
665 2932 740 2994 enim
761 2933 859 3009 potest
880 2931 1052 2994 considerari
1073 2933 1124 2994 suh
1147 2933 1228 3012 cogi-

54 3043 173 3120 tatione,
196 3046 298 3106 velut
321 3044 454 3105 constans
476 3044 560 3106 ideis.
581 3047 655 3121 Sed,
674 3063 807 3122 quaenam
827 3045 875 3105 hic
897 3043 967 3106 esset
989 3043 1152 3119 distinstio,
1168 3062 1227 3105 non

55 3155 119 3215 bene
150 3156 303 3234 videmus;
333 3175 397 3217 nam
429 3157 641 3233 existimamus,
673 3159 756 3234 quod
784 3175 858 3233 nos,
878 3156 898 3216 fi
920 3156 1131 3235 cogitationem
1152 3158 1227 3218 reste

55 3269 264 3346 concipiamus,
285 3285 422 3346 oporteat
453 3270 698 3347 comprehendere
719 3269 771 3331 sub
794 3269 885 3346 ideis,
906 3269 974 3347 quia
996 3269 1115 3330 remotis
1136 3272 1172 3329 ab
1193 3287 1228 3328 ea

56 3382 182 3444 omnibus
206 3381 280 3444 ideis
301 3382 512 3461 cogitationem
534 3383 752 3444 destrueremus.
774 3383 841 3464 Qua
862 3385 898 3443 de
920 3400 966 3457 re,
988 3383 1228 3458 cumexempsum

56 3495 132 3555 nobis
160 3494 230 3556 satis
258 3496 365 3557 clarum
393 3514 453 3556 non
475 3496 533 3570 est,
554 3511 651 3556 manet
674 3495 768 3556 adhuc
790 3513 836 3556 res
857 3495 918 3571 ipsa
940 3493 1040 3571 aliquo
1062 3497 1151 3556 modo
1174 3496 1228 3555 ob·

57 3603 143 3680 scura,
162 3624 193 3669 et
216 3607 354 3669 ulteriore
375 3607 573 3684 explicatione
596 3607 769 3684 indigemus.

91 3717 264 3794 Noviffime,
293 3717 323 3779 in
354 3717 467 3778 scholio
490 3717 546 3794 311⁰
576 3735 661 3794 prop.
683 3719 711 3777 8.
733 3721 748 3752 *
768 3718 893 3779 habetur
921 3719 957 3778 nb
986 3717 1089 3792 initio,
1110 3719 1148 3779 sic
1169 3718 1228 3780 scii.

57 3829 100 3886 Es
119 3829 165 3890 liis
184 3845 326 3911 apparet,
355 3834 432 3909 quod
448 3837 582 3909 quamvis
603 3835 656 3892 duo
676 3833 826 3893 attributa
846 3835 968 3892 realiter
987 3833 1119 3912 distincta
1139 3837 1228 3894 conci-

55 3945 168 4016 piantur
196 3943 260 4022 (hoc
286 3944 323 4022 est
350 3963 435 4004 arnum
457 3945 519 4022 fine
544 3947 667 4005 alterius
694 3945 775 4023 ope),
795 3964 883 4021 neque
902 3946 963 4004 ideo
983 3947 1050 4024 ipsa
1070 3947 1123 4006 ostro
1151 3949 1229 4007 entia

55 4055 106 4128 fita
131 4059 204 4120 duat
230 4058 365 4134 diversas
387 4058 568 4136 substantias
596 4057 785 4128 condiruum,·
813 4061 891 4118 ratio
918 4058 955 4136 est
976 4062 1046 4134 qaia
1066 4060 1101 4119 de
1120 4072 1229 4119 natura

86 4242 97 4268 ⁶
130 4243 177 4292 Ed.
194 4245 248 4294 uns
275 4245 300 4292 in
328 4245 410 4294 Scdod
435 4243 513 4309 Prop.
534 4259 573 4294 ro.
599 4245 644 4294 iii.
665 4259 702 4306 1.;
728 4243 823 4294 Etiricte
841 4241 950 4304 scilicet,
967 4241 1039 4304 citius
1056 4243 1134 4306 prima
1152 4245 1229 4294 verba

59 4335 81 4370 ιι
97 4339 161 4374 nunc
185 4325 302 4392 leguntur
325 4325 366 4377 iiia
394 4327 501 4391 repetit,
528 4325 572 4377 nisi
596 4327 665 4390 qnod
683 4341 714 4378 ex
733 4327 820 4377 calami
845 4327 972 4377 erroribus
987 4327 1039 4390 fixe
1056 4327 1167 4376 alterius
1185 4337 1230 4392 ope

58 4416 80 4452 et
95 4405 118 4456 in
136 4407 185 4458 ioci
202 4409 252 4459 sine
266 4409 339 4474 limas
357 4411 382 4460 in
401 4410 457 4476 ipsa
471 4410 581 4474 suerunt
598 4409 681 4462 offert.
