2916 4902
231 393 270 458 tn
442 353 445 358 Δ
665 391 870 472 Epistola
900 395 980 458 xrx.

237 566 350 628 immisrt
389 582 420 629 et
457 585 557 630 revera
595 565 719 643 tribuit,
749 567 899 628 manifesto
932 567 1081 645 sequitur,
1112 567 1307 645 privationem
1343 567 1445 629 istam

233 676 415 739 solummodo
448 675 578 752 respeetu
609 673 700 736 nostri
732 675 913 753 intellestus,
945 693 1005 738 non
1035 694 1107 742 vero
1130 675 1262 754 respediu
1281 677 1344 738 Dei
1370 679 1445 738 dici

234 787 324 866 polle.

274 900 377 978 Hisce,
398 899 468 961 mihi
489 914 523 961 ut
545 898 672 976 videtur,
694 899 824 981 Quaeslio
847 901 966 976 penitus
987 900 1082 962 soluta
1106 902 1157 963 est.
1184 905 1230 966 Ut
1250 921 1323 966 veto
1347 903 1445 969 viam

236 1013 325 1092 magis
346 987 461 1090 planam
482 1015 615 1088 reddam,
637 1029 810 1089 omnemque
832 1011 997 1088 scrupulum
1019 1015 1157 1090 evellam,
1178 1013 1290 1076 necesse
1313 1015 1445 1090 habeo,

236 1129 273 1188 ad
293 1126 345 1186 has
367 1127 439 1188 duas
459 1123 615 1202 se'quentes
637 1123 821 1207 Quaestiones
842 1123 1027 1201 respondete.
1067 1127 1181 1202 Nempe
1204 1127 1311 1202 primo,
1332 1146 1444 1204 quare

235 1236 264 1298 S.
285 1235 434 1312 Scriptura
464 1234 561 1312 dicat,
592 1235 687 1297 Deum
720 1235 865 1314 flagitate,
893 1250 928 1297 ut
957 1235 985 1296 se
1014 1235 1139 1312 improbi
1170 1253 1375 1314 convertant,
1407 1255 1444 1300 et

236 1348 340 1425 etiam,
371 1366 460 1425 quare
490 1349 606 1410 Adamo
639 1347 824 1424 prohibuerit
846 1365 883 1408 ex
904 1349 1007 1410 arbore
1029 1366 1088 1409 non
1112 1351 1214 1426 edere,
1235 1367 1300 1412 cum
1325 1366 1443 1412 tamen

236 1459 413 1522 contrarium
446 1457 636 1539 conclusisset,
678 1460 832 1536 Secund0,
854 1461 936 1535 quod
959 1478 996 1520 ex
1018 1459 1102 1522 distis
1124 1459 1196 1524 meis
1217 1461 1298 1540 sequi
1321 1463 1443 1526 videa-

234 1587 300 1648 tur,
329 1571 480 1647 improbos
510 1571 661 1648 superbia,
693 1570 832 1646 avaritia,
863 1571 1087 1649 desperatione,
1118 1589 1176 1636 etc.
1208 1592 1293 1651 aeque
1327 1575 1441 1636 Deum

211 1681 349 1761 colen,
379 1702 412 1745 ac
444 1684 554 1760 probos
585 1683 795 1763 generofitate,
826 1683 986 1760 patientia,
1018 1703 1133 1761 amore,
1161 1700 1236 1764 ete,
1264 1701 1442 1763 propterea

237 1797 319 1874 quod
339 1795 397 1856 Dei
416 1796 602 1858 voluntatem
624 1794 832 1873 exsequuntur.

276 1907 325 1968 Ad
345 1905 467 1982 primum
487 1921 522 1968 ut
541 1905 730 1982 respondeam
758 1905 844 1982 dico,
872 1906 1066 1985 Scripturam,
1086 1909 1156 1986 quia
1177 1909 1255 1986 plebi
1274 1912 1441 1988 praecipue

237 2017 430 2084 conveniret
459 2017 596 2094 inservit,
627 2017 772 2080 continuo
802 2017 930 2080 humano
963 2037 1042 2080 more
1074 2019 1174 2097 loqui:
1203 2022 1286 2098 plebs
1316 2025 1441 2084 etenim

238 2134 326 2192 rebus
345 2129 516 2192 sublimibus
536 2129 732 2206 percipiendis
753 2128 854 2204 inepta
877 2129 926 2190 est.
958 2130 997 2192 Et
1017 2130 1079 2192 haec
1104 2132 1144 2193 est
1164 2132 1262 2208 ratio,
1281 2151 1336 2193 cur
1359 2136 1441 2196 milri

238 2241 441 2320 persuadeam,
462 2259 496 2302 ea
517 2240 632 2317 omnia,
653 2259 718 2319 quae
739 2243 820 2303 Deus
842 2241 997 2317 Prophetis
1019 2243 1163 2306 revelavit
1184 2241 1365 2305 adsalutem
1378 2245 1442 2306 elie

239 2351 409 2428 necessaria,
427 2353 524 2432 legum
546 2355 635 2414 modo
658 2352 761 2429 scribi;
780 2367 811 2414 et
831 2350 890 2412 hoc
911 2355 998 2428 pado
1021 2353 1149 2432 integras
1177 2354 1334 2414 Parabolos
1358 2356 1442 2416 Pro-

239 2461 336 2539 phetae
368 2463 524 2526 linxentnt.
564 2465 679 2540 Nempe
710 2462 804 2539 primo
835 2464 949 2538 Deum,
976 2463 1045 2540 quia
1073 2463 1173 2526 salutis
1195 2479 1226 2525 et
1247 2463 1442 2539 perditionis

241 2575 334 2636 media
360 2575 518 2650 revelarat,
545 2591 729 2653 quorumque
757 2590 818 2636 erat
839 2574 941 2650 causa,
963 2574 1049 2636 instar
1069 2575 1162 2654 Regis
1183 2593 1216 2636 ac
1236 2575 1442 2654 Legissatoris

240 2688 461 2764 adumbrarunt;
482 2687 593 2764 media,
613 2705 679 2764 quae
702 2685 743 2747 nil
764 2685 815 2747 nist
838 2685 931 2748 causae
951 2685 1037 2763 sunt,
1058 2687 1154 2764 Leges
1175 2686 1385 2764 appellarunt,
1410 2705 1444 2749 et

241 2800 416 2859 admodum
442 2797 554 2878 Legum
583 2795 834 2874 conscripserunt;
862 2796 982 2859 salutem
1004 2795 1277 2873 perditionemque,
1297 2813 1372 2873 quae
1398 2800 1442 2859 nil

241 2907 292 2968 nist
324 2907 444 2970 effedlue
474 2907 557 2984 sunt,
588 2907 640 2986 qui
669 2907 826 2968 necessario
860 2925 897 2968 ex
928 2905 983 2968 illis
1015 2907 1118 2969 mediis
1150 2909 1262 2983 fluunt,
1283 2921 1438 2985 tanquam

242 3019 389 3096 praemium
421 3035 450 3081 et
481 3037 596 3097 paenam
631 3018 859 3096 proposuerunt.
900 3020 1002 3096 Atque
1031 3018 1120 3096 juxta
1152 3019 1226 3079 hanc
1257 3018 1441 3082 Parabolam

243 3132 332 3212 magis
360 3150 446 3209 quarn
470 3131 557 3209 juxta
586 3131 739 3194 veritatem
761 3130 858 3193 omnia
879 3131 929 3194 sua
951 3133 1041 3195 verba
1063 3131 1251 3208 ordinarunt,
1271 3132 1441 3211 Deumque

243 3247 281 3306 ad
300 3243 385 3306 inllat
404 3242 531 3304 hominis
552 3243 647 3318 paslrm
669 3240 884 3320 expresserunt,
905 3245 993 3304 modo
1016 3243 1138 3319 iratum,
1161 3245 1250 3305 modo
1269 3242 1441 3307 misericor-

244 3357 326 3432 dem,
342 3354 401 3432 jam
423 3356 521 3415 sutura
542 3351 767 3430 desiderantem,
792 3353 851 3430 jam
873 3355 939 3416 zelo
961 3371 991 3416 et
1013 3353 1177 3431 suspicione
1200 3369 1338 3432 captum,
1361 3359 1440 3434 quin

245 3469 280 3528 ab
302 3466 367 3544 ipso
387 3465 516 3528 Diabolo
537 3467 711 3543 deceptum
733 3468 807 3528 adeo
831 3481 864 3528 ttt
884 3465 1072 3544 Philosophi,
1094 3483 1124 3527 et
1145 3465 1227 3528 simul
1247 3485 1372 3544 omnes,
1385 3469 1440 3546 qui

244 3578 312 3640 sunt
342 3578 426 3655 supra
457 3578 581 3656 Legem,
611 3576 669 3638 hoc
702 3577 759 3654 est,
792 3578 843 3655 qui
876 3577 1023 3639 Virtutem
1055 3595 1116 3640 non
1137 3593 1170 3640 ut
1190 3579 1299 3657 Legem
1321 3579 1376 3640 sed
1399 3599 1438 3640 ex

246 3706 360 3766 amore,
380 3687 448 3766 quia
469 3687 691 3766 prestantillima
712 3689 770 3765 est,
797 3688 976 3768 sequuntur,
1006 3688 1148 3767 ejusmodi
1177 3689 1274 3752 verbis
1295 3707 1359 3752 non
1384 3694 1437 3753 de·

245 3802 335 3861 beant
355 3799 474 3862 offendi.

285 3911 420 3974 Edictum
441 3929 510 3992 ergo
532 3913 648 3975 Adamo
670 3911 816 3974 factumn
829 3912 887 3974 hoc
909 3911 1092 3974 solummodo
1115 3911 1306 3988 consistebat,
1326 3931 1434 3990 nempe

247 4025 329 4101 quod
349 4023 431 4085 Deus
451 4024 567 4085 Adamo
588 4021 746 4098 revelavit,
767 4023 801 4080 ed
826 4025 910 4084 edere
922 4041 959 4083 ex
971 4023 1018 4084 illa
1030 4026 1132 4086 arbore
1154 4037 1276 4085 mortem
1298 4009 1440 4099 operari,

248 4138 491 4215 quemadmodum
512 4151 541 4197 er
563 4135 649 4198 nobis
670 4153 722 4211 per
743 4135 902 4196 naturalem
931 4134 1108 4197 intelledlum
1135 4137 1264 4212 revelat,
1284 4155 1432 4199 venenum

248 4247 305 4309 elie
336 4247 525 4310 mortiferum·
566 4247 597 4308 si
625 4265 696 4310 vero
724 4264 827 4326 roges,
854 4245 884 4306 in
914 4263 1000 4322 quem
1027 4247 1112 4307 linem
1133 4248 1191 4309 hoc
1213 4245 1240 4308 ei
1260 4247 1432 4310 revelaret?

250 4358 416 4436 responsum
443 4363 501 4436 do,
528 4375 562 4420 ut
591 4377 656 4420 eum
677 4372 762 4419 tanto
784 4356 904 4418 scientii
930 4356 1130 4432 perfeetiorem
1152 4359 1297 4420 redderet.
1337 4361 1431 4420 Deum
