2926 4896
478 377 683 459 Epistola
715 381 795 442 Xlll.
954 393 962 416 ·
1196 395 1235 461 49

56 575 170 634 torpore
203 557 343 620 dammam
375 557 538 635 requiratur
569 557 704 633 materia,
726 575 791 635 quae
813 557 876 634 ejus
897 559 1029 635 corporis
1054 573 1153 636 partes
1173 560 1233 622 dis-

55 669 149 748 jungat
179 671 347 748 agitetque;
379 687 446 748 quae
474 672 535 732 duo
566 669 767 746 quotidianam
788 669 1001 746 experientiam
1023 686 1053 734 er
1074 671 1234 734 Rationem

59 780 121 841 satu
140 783 246 844 docere
266 796 355 860 puto.

94 893 217 956 Transeo
251 897 286 956 ad
318 893 533 970 experimenta,
565 911 629 972 que
661 893 765 970 attuli,
796 912 856 956 non
889 909 921 956 ut
942 895 1092 972 absolute,
1113 895 1182 972 sed,
1201 911 1235 958 ut

60 1005 176 1082 exprede
209 1004 290 1084 dixi,
320 1009 418 1086 aliquo
447 1010 543 1082 moda,
574 1026 664 1070 meam
697 1007 925 1084 explicationem
956 1010 1163 1072 confirmarem.
1202 1011 1235 1071 ln

60 1121 170 1196 primum
201 1121 305 1198 itaque
342 1121 589 1198 experimentum,
627 1123 708 1197 quod
741 1121 845 1197 attuli,
877 1120 948 1181 nihil
978 1121 1033 1182 Vir
1063 1120 1236 1184 Clarissimus

61 1235 161 1309 adsert,
182 1249 290 1309 preter
310 1235 392 1310 quod
412 1232 472 1309 ipse
493 1233 697 1309 exprellillimis
715 1233 813 1296 verbis
833 1233 954 1310 notavi;
975 1235 1011 1294 de
1023 1235 1235 1312 caetensvero,

60 1363 116 1420 que
147 1345 235 1407 eriam
269 1345 400 1421 tentavi,
433 1361 465 1406 ut
498 1345 543 1422 id,
576 1347 657 1422 quod
692 1344 747 1405 Vir
785 1343 958 1408 Clarillimus
989 1363 1101 1409 mecum
1132 1362 1236 1424 notar,

60 1457 144 1520 minue
165 1459 343 1536 suspicarer,
364 1457 435 1520 nihil
457 1458 573 1534 prorsus
594 1458 646 1520 ait.
666 1458 757 1540 Quod
779 1458 884 1521 deinde
906 1459 1105 1522 infecundum
1118 1460 1235 1536 experi-

60 1587 175 1632 mentum
206 1573 320 1647 adfert,
350 1589 453 1646 nempe
485 1571 678 1632 deFaecatione
710 1586 743 1632 ut
771 1571 924 1646 plurimum
945 1571 1059 1632 liberari
1079 1572 1234 1634 Nitruma

59 1680 105 1742 sale
135 1687 281 1760 quodam,
313 1683 352 1744 sal
383 1701 536 1744 commune
569 1684 730 1759 referente,
763 1683 793 1744 id
825 1699 939 1744 tantum
971 1683 1064 1759 dicit,
1095 1682 1144 1746 sed
1175 1702 1235 1746 non

59 1797 168 1867 probat:
201 1811 260 1872 ego
291 1795 385 1870 enim,
416 1810 449 1856 ut
480 1793 607 1870 expresse
637 1793 718 1870 dixi,
746 1793 809 1855 haec
831 1793 1029 1871 experimenta
1051 1811 1111 1856 non
1133 1794 1236 1870 attuli,

59 1921 87 1966 ut
103 1905 135 1966 iir
152 1925 204 1983 ea,
223 1923 288 1983 quae
307 1905 386 1982 dixi,
403 1906 520 1983 prorsus
541 1907 756 1982 confirmarem
777 1904 827 1968 sed
848 1920 962 1967 rantum
985 1905 1053 1982 quia
1075 1883 1234 1982 etexperi·

59 2033 161 2096 menta,
182 2037 251 2095 quae
273 2017 418 2094 dixeram,
439 2033 469 2079 et
491 2017 614 2080 Ratiodi
635 2019 650 2054 *
672 2017 830 2082 conuenire
853 2017 1048 2096 ostenderam,
1067 2018 1113 2080 illa
1133 2018 1234 2096 aliquo

60 2131 139 2192 modo
160 2131 332 2194 confirmare
353 2130 531 2192 viderentur.
563 2133 654 2212 Quod
675 2145 772 2193 autem
794 2131 852 2208 ait,
874 2129 1039 2192 adscensum
1059 2130 1090 2192 in
1111 2130 1233 2193 stiriolas

60 2258 232 2304 communem
261 2243 302 2304 illi
324 2242 379 2304 else
407 2263 471 2304 cum
493 2243 557 2304 aliia
581 2243 706 2320 salibus,
729 2242 826 2304 nescio
849 2243 921 2320 quid
941 2243 971 2305 id
992 2245 1030 2304 ad
1050 2261 1109 2306 rem
1129 2243 1234 2305 faeiat:

60 2356 183 2414 conredo
204 2353 292 2430 enim,
315 2352 368 2414 asia
390 2352 476 2414 etiam
498 2353 565 2414 salia
588 2353 673 2414 faeces
694 2352 819 2429 habere,
839 2367 928 2429 atque
950 2352 1114 2416 volatiliora
1136 2353 1235 2430 reddi,

59 2461 76 2520 st
105 2465 139 2524 ab
170 2465 206 2526 iis
237 2465 406 2526 liberentur.
448 2465 480 2525 ln
511 2463 629 2526 tertium
661 2463 748 2524 etiam
780 2463 1010 2540 experimentum
1042 2463 1114 2526 nilril
1145 2463 1234 2527 video

59 2577 170 2653 adferri,
198 2579 281 2654 quod
310 2596 354 2638 me
382 2592 492 2656 tangat.
523 2577 556 2637 ln
577 2576 704 2638 sestione
725 2577 829 2653 quinta
850 2579 994 2638 austorem
1014 2575 1152 2638 Nobilem
1174 2577 1234 2638 cul·

59 2705 120 2762 pare
140 2689 299 2752 Cartefium
320 2689 440 2766 putavi,
461 2692 541 2766 quod
563 2689 649 2750 etiam
669 2689 699 2750 in
720 2688 784 2750 aliia
805 2688 894 2766 locis,
916 2706 970 2765 pro
991 2689 1125 2752 libertate
1137 2687 1233 2764 philo·

59 2795 191 2872 sophandi
223 2797 319 2862 cuivis
350 2797 497 2874 concessa,
529 2797 679 2875 utriusque
710 2796 877 2860 Nobilitate
908 2796 993 2860 illaesa
1024 2799 1116 2875 fecit3
1152 2801 1234 2874 quod

60 2909 129 2969 sorte
156 2909 245 2972 etiam
273 2909 338 2984 alii,
365 2909 415 2987 qui
442 2909 487 2970 Cl.
508 2909 574 2970 Viri
594 2909 700 2986 scripta
721 2925 752 2971 et
772 2909 893 2972 Cartesti
919 2909 1062 2986 Principia
1083 2912 1233 2990 legerunt,

59 3019 144 3096 idem,
174 3021 226 3082 nist
259 3020 386 3097 expresse
418 3035 607 3098 moneantur,
638 3040 749 3084 mecum
782 3024 940 3098 putabunt.
978 3025 1112 3086 Necdum
1145 3023 1234 3086 video

60 3129 99 3192 Cl
130 3131 232 3194 Virum
264 3133 343 3194 suam
374 3147 499 3194 mentem
531 3149 631 3210 aperte
664 3133 826 3210 explicare:
858 3136 988 3198 nondum
1021 3134 1096 3196 enim
1118 3134 1177 3211 ait,
1198 3153 1233 3194 an

62 3241 168 3304 Nitrum
190 3243 308 3306 Nitrum
329 3243 385 3306 esse
407 3245 574 3322 desinet,s1
596 3245 659 3324 ejus
681 3221 795 3307 sliriolae
816 3245 960 3323 visibiles,
981 3248 1016 3308 de
1039 3246 1146 3324 quibus
1167 3261 1232 3306 tan·

63 3371 115 3414 tum
135 3357 218 3434 loqui
240 3357 297 3434 ait,
318 3360 502 3436 raderentur,
523 3361 617 3420 donec
640 3358 669 3420 in
691 3358 926 3436 parallelipipeda
948 3374 998 3420 aut
1016 3358 1098 3420 aliam
1116 3359 1234 3437 liguram

63 3483 243 3532 mutarentur.

97 3581 150 3641 Sed
169 3580 233 3643 haec
254 3581 402 3660 relinquo,
423 3596 453 3644 et
474 3585 511 3644 ad
532 3583 579 3660 id,
601 3585 682 3662 quod
703 3583 748 3644 Cl.
770 3583 823 3644 Vir
844 3584 948 3659 adea,
967 3582 1080 3660 quein
1099 3582 1233 3646 Sectione

69 3693 181 3764 13-18.
204 3693 309 3770 ponit,
340 3694 473 3772 transeo,
504 3711 592 3772 atque
624 3695 709 3774 dico,
730 3715 775 3756 me
795 3694 919 3756 libenter
940 3695 1040 3772 fateri,
1061 3695 1134 3756 hanc
1155 3694 1235 3756 Nitri

66 3803 330 3884 redintegrationem
370 3810 550 3900 preclarum,
574 3807 692 3886 quidem
730 3807 960 3885 experimentum
991 3805 1045 3868 esse
1077 3809 1113 3868 ad
1144 3807 1234 3884 ipsam

69 3913 136 3976 Nirri
156 3933 285 3980 naturam
306 3919 550 3998 investigandam,
578 3938 682 3998 nempe
703 3919 754 3981 ubi
775 3919 854 3996 prius
876 3918 1018 3997 principia
1039 3917 1233 3996 Philosophiae

69 4025 229 4090 Methanica
257 4032 442 4110 noverimus,
471 4049 500 4094 et
522 4036 604 4110 quod
633 4051 733 4094 omnes
754 4050 909 4110 corporum
929 4031 1109 4095 variationes
1131 4031 1233 4094 secun·

69 4139 126 4198 dum
145 4141 238 4220 Leges
257 4143 439 4207 Mechanice
468 4146 556 4224 fiant,
584 4145 634 4207 sed
656 4165 749 4225 nego,
768 4146 831 4207 haec
852 4165 889 4206 ex
910 4148 999 4208 modo
1020 4146 1099 4210 dieto
1120 4145 1234 4223 experi-

79 4281 260 4300 Μ-

96 4369 107 4400 ’
139 4372 183 4423 dd.
199 4375 257 4426 ΡΜ
274 4375 385 4426 ratione.

154 4469 178 4519 ll
