<?xml version="1.0" encoding="UTF-8"?>
<!DOCTYPE html PUBLIC "-//W3C//DTD XHTML 1.0 Transitional//EN"
    "http://www.w3.org/TR/xhtml1/DTD/xhtml1-transitional.dtd">
<html xmlns="http://www.w3.org/1999/xhtml" xml:lang="en" lang="en">
 <head>
  <title>
</title>
<meta http-equiv="Content-Type" content="text/html;charset=utf-8" />
  <meta name='ocr-system' content='tesseract 3.04.00' />
  <meta name='ocr-capabilities' content='ocr_page ocr_carea ocr_par ocr_line ocrx_word'/>
</head>
<body>
  <div class='ocr_page' id='page_1' title='image "benedictidespin00landgoog_0070.png"; bbox 0 0 2926 4896; ppageno 0'>
   <div class='ocr_carea' id='block_1_1' title="bbox 513 411 1255 489">
    <p class='ocr_par' dir='ltr' id='par_1_1' title="bbox 513 411 1255 489">
     <span class='ocr_line' id='line_1_1' title="bbox 513 411 1255 489; baseline 0.001 -16"><span class='ocrx_word' id='word_1_1' title='bbox 513 411 717 489; x_wconf 81' lang='lat' dir='ltr'>Epistola</span> <span class='ocrx_word' id='word_1_2' title='bbox 751 411 830 474; x_wconf 88' lang='lat' dir='ltr'>x111.</span> <span class='ocrx_word' id='word_1_3' title='bbox 1221 427 1255 488; x_wconf 81' lang='lat'>51</span> 
     </span>
    </p>
   </div>
   <div class='ocr_carea' id='block_1_2' title="bbox 68 586 1312 4470">
    <p class='ocr_par' dir='ltr' id='par_1_2' title="bbox 69 586 1260 1338">
     <span class='ocr_line' id='line_1_2' title="bbox 69 586 1257 666; baseline 0 -20"><span class='ocrx_word' id='word_1_4' title='bbox 69 607 135 664; x_wconf 86' lang='lat' dir='ltr'>quae</span> <span class='ocrx_word' id='word_1_5' title='bbox 166 601 364 664; x_wconf 88' lang='lat' dir='ltr'>concurrunt,</span> <span class='ocrx_word' id='word_1_6' title='bbox 396 603 498 649; x_wconf 87' lang='lat' dir='ltr'>natura</span> <span class='ocrx_word' id='word_1_7' title='bbox 531 590 615 664; x_wconf 89' lang='lat' dir='ltr'>plane</span> <span class='ocrx_word' id='word_1_8' title='bbox 646 587 814 666; x_wconf 80' lang='lat' dir='ltr'>ignoratur,</span> <span class='ocrx_word' id='word_1_9' title='bbox 846 602 874 647; x_wconf 86' lang='lat' dir='ltr'>et</span> <span class='ocrx_word' id='word_1_10' title='bbox 905 587 935 647; x_wconf 90' lang='lat' dir='ltr'>in</span> <span class='ocrx_word' id='word_1_11' title='bbox 967 605 1028 664; x_wconf 92' lang='lat' dir='ltr'>quo</span> <span class='ocrx_word' id='word_1_12' title='bbox 1059 587 1139 648; x_wconf 87' lang='lat' dir='ltr'>calor</span> <span class='ocrx_word' id='word_1_13' title='bbox 1170 586 1257 647; x_wconf 87' lang='lat' dir='ltr'>etiam</span> 
     </span>
     <span class='ocr_line' id='line_1_3' title="bbox 69 699 1258 777; baseline 0 -19"><span class='ocrx_word' id='word_1_14' title='bbox 69 699 261 774; x_wconf 84' lang='lat' dir='ltr'>observatur,</span> <span class='ocrx_word' id='word_1_15' title='bbox 281 700 332 776; x_wconf 89' lang='lat' dir='ltr'>qui</span> <span class='ocrx_word' id='word_1_16' title='bbox 352 703 523 775; x_wconf 89' lang='lat' dir='ltr'>quomodo,</span> <span class='ocrx_word' id='word_1_17' title='bbox 542 699 603 763; x_wconf 83' lang='lat' dir='ltr'>stre</span> <span class='ocrx_word' id='word_1_18' title='bbox 625 719 648 761; x_wconf 88' lang='lat' dir='ltr'>a·</span> <span class='ocrx_word' id='word_1_19' title='bbox 662 699 771 777; x_wconf 84' lang='lat' dir='ltr'>quibus</span> <span class='ocrx_word' id='word_1_20' title='bbox 792 699 884 761; x_wconf 78' lang='lat' dir='ltr'>causas</span> <span class='ocrx_word' id='word_1_21' title='bbox 905 714 989 762; x_wconf 81' lang='lat' dir='ltr'>ortua</span> <span class='ocrx_word' id='word_1_22' title='bbox 1010 700 1109 775; x_wconf 85' lang='lat' dir='ltr'>suerit,</span> <span class='ocrx_word' id='word_1_23' title='bbox 1121 699 1258 761; x_wconf 78' lang='lat' dir='ltr'>nescitur.</span> 
     </span>
     <span class='ocr_line' id='line_1_4' title="bbox 69 809 1258 888; baseline 0 -18"><span class='ocrx_word' id='word_1_24' title='bbox 69 809 208 886; x_wconf 87' lang='lat' dir='ltr'>Denique</span> <span class='ocrx_word' id='word_1_25' title='bbox 225 813 328 871; x_wconf 84' lang='lat' dir='ltr'>-ruulta</span> <span class='ocrx_word' id='word_1_26' title='bbox 356 809 440 886; x_wconf 88' lang='lat' dir='ltr'>suat,</span> <span class='ocrx_word' id='word_1_27' title='bbox 468 829 532 887; x_wconf 86' lang='lat' dir='ltr'>quae</span> <span class='ocrx_word' id='word_1_28' title='bbox 561 811 671 873; x_wconf 80' lang='lat' dir='ltr'>nubum</span> <span class='ocrx_word' id='word_1_29' title='bbox 699 811 815 888; x_wconf 80' lang='lat' dir='ltr'>prorsus</span> <span class='ocrx_word' id='word_1_30' title='bbox 844 811 953 887; x_wconf 80' lang='lat' dir='ltr'>spirant</span> <span class='ocrx_word' id='word_1_31' title='bbox 974 813 1112 886; x_wconf 87' lang='lat' dir='ltr'>odorem,</span> <span class='ocrx_word' id='word_1_32' title='bbox 1134 827 1258 886; x_wconf 86' lang='lat' dir='ltr'>quotum</span> 
     </span>
     <span class='ocr_line' id='line_1_5' title="bbox 69 921 1258 999; baseline 0 -17"><span class='ocrx_word' id='word_1_33' title='bbox 69 939 166 984; x_wconf 86' lang='lat' dir='ltr'>tamen</span> <span class='ocrx_word' id='word_1_34' title='bbox 189 921 502 998; x_wconf 82' lang='lat' dir='ltr'>partea,srutcunque</span> <span class='ocrx_word' id='word_1_35' title='bbox 524 921 722 998; x_wconf 82' lang='lat' dir='ltr'>concitentur,</span> <span class='ocrx_word' id='word_1_36' title='bbox 743 939 832 999; x_wconf 87' lang='lat' dir='ltr'>atque</span> <span class='ocrx_word' id='word_1_37' title='bbox 854 921 1048 998; x_wconf 76' lang='lat' dir='ltr'>incalescant,</span> <span class='ocrx_word' id='word_1_38' title='bbox 1069 924 1144 986; x_wconf 89' lang='lat' dir='ltr'>odor</span> <span class='ocrx_word' id='word_1_39' title='bbox 1164 921 1258 984; x_wconf 87' lang='lat' dir='ltr'>statim</span> 
     </span>
     <span class='ocr_line' id='line_1_6' title="bbox 69 1033 1260 1114; baseline 0 -18"><span class='ocrx_word' id='word_1_40' title='bbox 69 1035 264 1112; x_wconf 74' lang='lat' dir='ltr'>persentitur,</span> <span class='ocrx_word' id='word_1_41' title='bbox 286 1053 316 1096; x_wconf 87' lang='lat' dir='ltr'>et</span> <span class='ocrx_word' id='word_1_42' title='bbox 336 1033 358 1094; x_wconf 87' lang='lat' dir='ltr'>fi</span> <span class='ocrx_word' id='word_1_43' title='bbox 377 1035 482 1096; x_wconf 78' lang='lat' dir='ltr'>irenam</span> <span class='ocrx_word' id='word_1_44' title='bbox 516 1036 689 1114; x_wconf 80' lang='lat' dir='ltr'>frigescant,</span> <span class='ocrx_word' id='word_1_45' title='bbox 721 1037 830 1098; x_wconf 84' lang='lat' dir='ltr'>nubum</span> <span class='ocrx_word' id='word_1_46' title='bbox 862 1036 967 1098; x_wconf 89' lang='lat' dir='ltr'>iterum</span> <span class='ocrx_word' id='word_1_47' title='bbox 1000 1038 1120 1097; x_wconf 87' lang='lat' dir='ltr'>odorem</span> <span class='ocrx_word' id='word_1_48' title='bbox 1150 1035 1260 1096; x_wconf 89' lang='lat' dir='ltr'>babeat</span> 
     </span>
     <span class='ocr_line' id='line_1_7' title="bbox 69 1147 1260 1227; baseline 0 -20"><span class='ocrx_word' id='word_1_49' title='bbox 69 1148 186 1225; x_wconf 79' lang='lat' dir='ltr'>(lirlteso</span> <span class='ocrx_word' id='word_1_50' title='bbox 217 1150 318 1224; x_wconf 87' lang='lat' dir='ltr'>quoad</span> <span class='ocrx_word' id='word_1_51' title='bbox 348 1147 504 1209; x_wconf 84' lang='lat' dir='ltr'>humanum</span> <span class='ocrx_word' id='word_1_52' title='bbox 537 1147 684 1227; x_wconf 84' lang='lat' dir='ltr'>sensum),</span> <span class='ocrx_word' id='word_1_53' title='bbox 716 1163 748 1210; x_wconf 93' lang='lat' dir='ltr'>ut</span> <span class='ocrx_word' id='word_1_54' title='bbox 783 1149 908 1224; x_wconf 81' lang='lat' dir='ltr'>exempli</span> <span class='ocrx_word' id='word_1_55' title='bbox 931 1149 1022 1227; x_wconf 86' lang='lat' dir='ltr'>gracia</span> <span class='ocrx_word' id='word_1_56' title='bbox 1042 1148 1209 1223; x_wconf 88' lang='lat' dir='ltr'>succinum,</span> <span class='ocrx_word' id='word_1_57' title='bbox 1230 1162 1260 1208; x_wconf 90' lang='lat' dir='ltr'>et</span> 
     </span>
     <span class='ocr_line' id='line_1_8' title="bbox 69 1258 1155 1338; baseline 0.001 -20"><span class='ocrx_word' id='word_1_58' title='bbox 69 1260 146 1334; x_wconf 83' lang='lat' dir='ltr'>alia,</span> <span class='ocrx_word' id='word_1_59' title='bbox 167 1275 237 1335; x_wconf 82' lang='lat' dir='ltr'>quae</span> <span class='ocrx_word' id='word_1_60' title='bbox 259 1259 346 1318; x_wconf 85' lang='lat' dir='ltr'>etiam</span> <span class='ocrx_word' id='word_1_61' title='bbox 369 1259 466 1320; x_wconf 83' lang='lat' dir='ltr'>nescio</span> <span class='ocrx_word' id='word_1_62' title='bbox 489 1277 526 1320; x_wconf 91' lang='lat' dir='ltr'>an</span> <span class='ocrx_word' id='word_1_63' title='bbox 547 1261 638 1338; x_wconf 86' lang='lat' dir='ltr'>magis</span> <span class='ocrx_word' id='word_1_64' title='bbox 660 1259 821 1335; x_wconf 82' lang='lat' dir='ltr'>composita</span> <span class='ocrx_word' id='word_1_65' title='bbox 842 1259 898 1320; x_wconf 86' lang='lat' dir='ltr'>lint</span> <span class='ocrx_word' id='word_1_66' title='bbox 919 1277 1006 1336; x_wconf 92' lang='lat' dir='ltr'>quam</span> <span class='ocrx_word' id='word_1_67' title='bbox 1027 1258 1155 1320; x_wconf 85' lang='lat' dir='ltr'>Nicrum.</span> 
     </span>
    </p>

    <p class='ocr_par' dir='ltr' id='par_1_3' title="bbox 68 1370 1261 2006">
     <span class='ocr_line' id='line_1_9' title="bbox 107 1370 1259 1453; baseline -0.002 -21"><span class='ocrx_word' id='word_1_68' title='bbox 107 1372 187 1453; x_wconf 78' lang='lat' dir='ltr'>Quat</span> <span class='ocrx_word' id='word_1_69' title='bbox 204 1370 424 1432; x_wconf 68' lang='lat' dir='ltr'>adsertionem</span> <span class='ocrx_word' id='word_1_70' title='bbox 445 1371 609 1450; x_wconf 77' lang='lat' dir='ltr'>vigesimam</span> <span class='ocrx_word' id='word_1_71' title='bbox 630 1387 763 1448; x_wconf 81' lang='lat' dir='ltr'>quartam</span> <span class='ocrx_word' id='word_1_72' title='bbox 785 1372 906 1448; x_wconf 87' lang='lat' dir='ltr'>notavi,</span> <span class='ocrx_word' id='word_1_73' title='bbox 928 1372 1103 1446; x_wconf 86' lang='lat' dir='ltr'>ostendunt,</span> <span class='ocrx_word' id='word_1_74' title='bbox 1124 1370 1259 1447; x_wconf 89' lang='lat' dir='ltr'>spiritum</span> 
     </span>
     <span class='ocr_line' id='line_1_10' title="bbox 69 1480 1260 1561; baseline 0.002 -21"><span class='ocrx_word' id='word_1_75' title='bbox 69 1481 148 1541; x_wconf 85' lang='lat' dir='ltr'>Nirti</span> <span class='ocrx_word' id='word_1_76' title='bbox 179 1499 241 1541; x_wconf 88' lang='lat' dir='ltr'>non</span> <span class='ocrx_word' id='word_1_77' title='bbox 269 1480 325 1542; x_wconf 82' lang='lat' dir='ltr'>eae</span> <span class='ocrx_word' id='word_1_78' title='bbox 353 1499 458 1558; x_wconf 86' lang='lat' dir='ltr'>purum</span> <span class='ocrx_word' id='word_1_79' title='bbox 486 1482 643 1558; x_wconf 86' lang='lat' dir='ltr'>Spiritum,</span> <span class='ocrx_word' id='word_1_80' title='bbox 673 1483 721 1544; x_wconf 89' lang='lat' dir='ltr'>sed</span> <span class='ocrx_word' id='word_1_81' title='bbox 750 1484 828 1544; x_wconf 92' lang='lat' dir='ltr'>calce</span> <span class='ocrx_word' id='word_1_82' title='bbox 849 1483 928 1544; x_wconf 88' lang='lat' dir='ltr'>Nitti</span> <span class='ocrx_word' id='word_1_83' title='bbox 951 1482 1072 1561; x_wconf 87' lang='lat' dir='ltr'>aliisque</span> <span class='ocrx_word' id='word_1_84' title='bbox 1094 1484 1260 1558; x_wconf 88' lang='lat' dir='ltr'>abundare;</span> 
     </span>
     <span class='ocr_line' id='line_1_11' title="bbox 68 1593 1260 1672; baseline -0.001 -17"><span class='ocrx_word' id='word_1_85' title='bbox 68 1597 206 1671; x_wconf 75' lang='lat' dir='ltr'>adeoque</span> <span class='ocrx_word' id='word_1_86' title='bbox 227 1611 274 1654; x_wconf 88' lang='lat' dir='ltr'>me</span> <span class='ocrx_word' id='word_1_87' title='bbox 293 1593 441 1670; x_wconf 83' lang='lat' dir='ltr'>dubitare,</span> <span class='ocrx_word' id='word_1_88' title='bbox 463 1613 500 1656; x_wconf 88' lang='lat' dir='ltr'>an</span> <span class='ocrx_word' id='word_1_89' title='bbox 521 1595 568 1672; x_wconf 85' lang='lat' dir='ltr'>id,</span> <span class='ocrx_word' id='word_1_90' title='bbox 590 1598 672 1672; x_wconf 87' lang='lat' dir='ltr'>quod</span> <span class='ocrx_word' id='word_1_91' title='bbox 693 1594 747 1655; x_wconf 89' lang='lat' dir='ltr'>Vir</span> <span class='ocrx_word' id='word_1_92' title='bbox 765 1595 938 1656; x_wconf 77' lang='lat' dir='ltr'>Clarlllmue</span> <span class='ocrx_word' id='word_1_93' title='bbox 955 1613 1014 1672; x_wconf 90' lang='lat' dir='ltr'>ope</span> <span class='ocrx_word' id='word_1_94' title='bbox 1031 1594 1135 1655; x_wconf 75' lang='lat' dir='ltr'>libella</span> <span class='ocrx_word' id='word_1_95' title='bbox 1158 1597 1260 1670; x_wconf 88' lang='lat' dir='ltr'>depre-</span> 
     </span>
     <span class='ocr_line' id='line_1_12' title="bbox 68 1705 1261 1784; baseline 0 -18"><span class='ocrx_word' id='word_1_96' title='bbox 68 1705 202 1768; x_wconf 80' lang='lat' dir='ltr'>hendisse</span> <span class='ocrx_word' id='word_1_97' title='bbox 235 1707 292 1781; x_wconf 84' lang='lat' dir='ltr'>ait,</span> <span class='ocrx_word' id='word_1_98' title='bbox 321 1709 404 1784; x_wconf 88' lang='lat' dir='ltr'>quod</span> <span class='ocrx_word' id='word_1_99' title='bbox 436 1723 539 1783; x_wconf 84' lang='lat' dir='ltr'>nempe</span> <span class='ocrx_word' id='word_1_100' title='bbox 569 1710 687 1783; x_wconf 84' lang='lat' dir='ltr'>pondus</span> <span class='ocrx_word' id='word_1_101' title='bbox 714 1705 841 1783; x_wconf 82' lang='lat' dir='ltr'>SpIritua</span> <span class='ocrx_word' id='word_1_102' title='bbox 869 1707 965 1782; x_wconf 89' lang='lat' dir='ltr'>Nitri,</span> <span class='ocrx_word' id='word_1_103' title='bbox 984 1725 1072 1784; x_wconf 89' lang='lat' dir='ltr'>quem</span> <span class='ocrx_word' id='word_1_104' title='bbox 1094 1706 1261 1782; x_wconf 83' lang='lat' dir='ltr'>instillavit,</span> 
     </span>
     <span class='ocr_line' id='line_1_13' title="bbox 68 1818 1261 1896; baseline -0.002 -16"><span class='ocrx_word' id='word_1_105' title='bbox 68 1821 192 1896; x_wconf 86' lang='lat' dir='ltr'>pondua</span> <span class='ocrx_word' id='word_1_106' title='bbox 225 1818 321 1894; x_wconf 87' lang='lat' dir='ltr'>illius,</span> <span class='ocrx_word' id='word_1_107' title='bbox 353 1820 434 1896; x_wconf 90' lang='lat' dir='ltr'>quod</span> <span class='ocrx_word' id='word_1_108' title='bbox 466 1818 542 1880; x_wconf 89' lang='lat' dir='ltr'>inter</span> <span class='ocrx_word' id='word_1_109' title='bbox 572 1821 770 1880; x_wconf 77' lang='lat' dir='ltr'>decorandum</span> <span class='ocrx_word' id='word_1_110' title='bbox 803 1819 928 1894; x_wconf 87' lang='lat' dir='ltr'>perierat</span> <span class='ocrx_word' id='word_1_111' title='bbox 935 1863 944 1894; x_wconf 92' lang='lat'>,</span> <span class='ocrx_word' id='word_1_112' title='bbox 976 1821 1036 1880; x_wconf 87' lang='lat' dir='ltr'>sere</span> <span class='ocrx_word' id='word_1_113' title='bbox 1067 1819 1261 1896; x_wconf 78' lang='lat' dir='ltr'>exaeqmbat,</span> 
     </span>
     <span class='ocr_line' id='line_1_14' title="bbox 69 1929 563 2006; baseline -0.004 -14"><span class='ocrx_word' id='word_1_114' title='bbox 69 1932 142 1994; x_wconf 85' lang='lat' dir='ltr'>satis</span> <span class='ocrx_word' id='word_1_115' title='bbox 165 1946 255 1992; x_wconf 89' lang='lat' dir='ltr'>caute</span> <span class='ocrx_word' id='word_1_116' title='bbox 277 1929 430 1993; x_wconf 88' lang='lat' dir='ltr'>observare</span> <span class='ocrx_word' id='word_1_117' title='bbox 450 1930 563 2006; x_wconf 91' lang='lat' dir='ltr'>potuit.</span> 
     </span>
    </p>

    <p class='ocr_par' dir='ltr' id='par_1_4' title="bbox 69 2041 1312 4245">
     <span class='ocr_line' id='line_1_15' title="bbox 109 2041 1258 2120; baseline -0.001 -15"><span class='ocrx_word' id='word_1_118' title='bbox 109 2044 269 2120; x_wconf 87' lang='lat' dir='ltr'>Denique,</span> <span class='ocrx_word' id='word_1_119' title='bbox 290 2041 423 2120; x_wconf 85' lang='lat' dir='ltr'>quamvis</span> <span class='ocrx_word' id='word_1_120' title='bbox 445 2061 520 2120; x_wconf 89' lang='lat' dir='ltr'>aqua</span> <span class='ocrx_word' id='word_1_121' title='bbox 541 2060 628 2119; x_wconf 71' lang='lat' dir='ltr'>pura«,</span> <span class='ocrx_word' id='word_1_122' title='bbox 650 2046 749 2120; x_wconf 89' lang='lat' dir='ltr'>quoad</span> <span class='ocrx_word' id='word_1_123' title='bbox 771 2045 905 2120; x_wconf 88' lang='lat' dir='ltr'>oculum,</span> <span class='ocrx_word' id='word_1_124' title='bbox 922 2043 989 2104; x_wconf 89' lang='lat' dir='ltr'>salia</span> <span class='ocrx_word' id='word_1_125' title='bbox 1009 2042 1152 2104; x_wconf 86' lang='lat' dir='ltr'>alcallsata</span> <span class='ocrx_word' id='word_1_126' title='bbox 1171 2044 1258 2105; x_wconf 89' lang='lat' dir='ltr'>citius</span> 
     </span>
     <span class='ocr_line' id='line_1_16' title="bbox 69 2155 1262 2234; baseline 0 -18"><span class='ocrx_word' id='word_1_127' title='bbox 69 2157 188 2218; x_wconf 85' lang='lat' dir='ltr'>solvere</span> <span class='ocrx_word' id='word_1_128' title='bbox 218 2155 319 2230; x_wconf 87' lang='lat' dir='ltr'>posllt;</span> <span class='ocrx_word' id='word_1_129' title='bbox 348 2169 459 2231; x_wconf 88' lang='lat' dir='ltr'>tamen,</span> <span class='ocrx_word' id='word_1_130' title='bbox 488 2173 554 2216; x_wconf 91' lang='lat' dir='ltr'>cum</span> <span class='ocrx_word' id='word_1_131' title='bbox 576 2173 609 2216; x_wconf 89' lang='lat' dir='ltr'>ea</span> <span class='ocrx_word' id='word_1_132' title='bbox 632 2173 739 2231; x_wconf 87' lang='lat' dir='ltr'>corpus</span> <span class='ocrx_word' id='word_1_133' title='bbox 760 2155 850 2234; x_wconf 81' lang='lat' dir='ltr'>magis</span> <span class='ocrx_word' id='word_1_134' title='bbox 870 2155 1085 2234; x_wconf 86' lang='lat' dir='ltr'>homogeneum</span> <span class='ocrx_word' id='word_1_135' title='bbox 1107 2173 1192 2232; x_wconf 92' lang='lat' dir='ltr'>quam</span> <span class='ocrx_word' id='word_1_136' title='bbox 1214 2161 1262 2216; x_wconf 71' lang='lat' dir='ltr'>aer</span> 
     </span>
     <span class='ocr_line' id='line_1_17' title="bbox 71 2265 1259 2346; baseline 0.002 -20"><span class='ocrx_word' id='word_1_137' title='bbox 71 2267 123 2343; x_wconf 82' lang='lat' dir='ltr'>fir,</span> <span class='ocrx_word' id='word_1_138' title='bbox 153 2285 216 2327; x_wconf 90' lang='lat' dir='ltr'>non</span> <span class='ocrx_word' id='word_1_139' title='bbox 245 2266 360 2343; x_wconf 91' lang='lat' dir='ltr'>potest,</span> <span class='ocrx_word' id='word_1_140' title='bbox 386 2265 471 2328; x_wconf 85' lang='lat' dir='ltr'>licuti</span> <span class='ocrx_word' id='word_1_141' title='bbox 499 2271 562 2344; x_wconf 79' lang='lat' dir='ltr'>air,</span> <span class='ocrx_word' id='word_1_142' title='bbox 590 2281 637 2328; x_wconf 89' lang='lat' dir='ltr'>tot</span> <span class='ocrx_word' id='word_1_143' title='bbox 665 2285 769 2346; x_wconf 81' lang='lat' dir='ltr'>genera</span> <span class='ocrx_word' id='word_1_144' title='bbox 791 2267 1028 2344; x_wconf 85' lang='lat' dir='ltr'>corpusculorum</span> <span class='ocrx_word' id='word_1_145' title='bbox 1049 2267 1173 2343; x_wconf 89' lang='lat' dir='ltr'>habere,</span> <span class='ocrx_word' id='word_1_146' title='bbox 1194 2286 1259 2343; x_wconf 83' lang='lat' dir='ltr'>quae</span> 
     </span>
     <span class='ocr_line' id='line_1_18' title="bbox 71 2377 1259 2461; baseline 0.002 -23"><span class='ocrx_word' id='word_1_147' title='bbox 71 2395 124 2454; x_wconf 88' lang='lat' dir='ltr'>per</span> <span class='ocrx_word' id='word_1_148' title='bbox 161 2377 257 2438; x_wconf 84' lang='lat' dir='ltr'>omnis</span> <span class='ocrx_word' id='word_1_149' title='bbox 288 2377 402 2456; x_wconf 86' lang='lat' dir='ltr'>generis</span> <span class='ocrx_word' id='word_1_150' title='bbox 432 2378 519 2439; x_wconf 89' lang='lat' dir='ltr'>calcis</span> <span class='ocrx_word' id='word_1_151' title='bbox 552 2397 643 2454; x_wconf 82' lang='lat' dir='ltr'>poros</span> <span class='ocrx_word' id='word_1_152' title='bbox 673 2378 701 2439; x_wconf 89' lang='lat' dir='ltr'>se</span> <span class='ocrx_word' id='word_1_153' title='bbox 732 2378 873 2440; x_wconf 77' lang='lat' dir='ltr'>Insinuare</span> <span class='ocrx_word' id='word_1_154' title='bbox 902 2380 1016 2454; x_wconf 86' lang='lat' dir='ltr'>polsmt.</span> <span class='ocrx_word' id='word_1_155' title='bbox 1059 2379 1173 2461; x_wconf 86' lang='lat' dir='ltr'>Quare,</span> <span class='ocrx_word' id='word_1_156' title='bbox 1194 2398 1259 2440; x_wconf 89' lang='lat' dir='ltr'>cum</span> 
     </span>
     <span class='ocr_line' id='line_1_19' title="bbox 72 2489 1258 2568; baseline 0.002 -18"><span class='ocrx_word' id='word_1_157' title='bbox 72 2507 152 2568; x_wconf 89' lang='lat' dir='ltr'>aqua</span> <span class='ocrx_word' id='word_1_158' title='bbox 175 2489 263 2551; x_wconf 85' lang='lat' dir='ltr'>certis</span> <span class='ocrx_word' id='word_1_159' title='bbox 284 2490 435 2566; x_wconf 87' lang='lat' dir='ltr'>particulis</span> <span class='ocrx_word' id='word_1_160' title='bbox 457 2491 544 2552; x_wconf 83' lang='lat' dir='ltr'>unlus</span> <span class='ocrx_word' id='word_1_161' title='bbox 565 2491 679 2568; x_wconf 85' lang='lat' dir='ltr'>generis</span> <span class='ocrx_word' id='word_1_162' title='bbox 711 2491 833 2552; x_wconf 84' lang='lat' dir='ltr'>manime</span> <span class='ocrx_word' id='word_1_163' title='bbox 855 2490 986 2566; x_wconf 83' lang='lat' dir='ltr'>conllet,</span> <span class='ocrx_word' id='word_1_164' title='bbox 1008 2509 1073 2567; x_wconf 86' lang='lat' dir='ltr'>quae</span> <span class='ocrx_word' id='word_1_165' title='bbox 1095 2491 1201 2552; x_wconf 89' lang='lat' dir='ltr'>calcem</span> <span class='ocrx_word' id='word_1_166' title='bbox 1222 2495 1258 2552; x_wconf 91' lang='lat' dir='ltr'>ad</span> 
     </span>
     <span class='ocr_line' id='line_1_20' title="bbox 73 2601 1259 2680; baseline -0.001 -17"><span class='ocrx_word' id='word_1_167' title='bbox 73 2619 187 2663; x_wconf 86' lang='lat' dir='ltr'>certum</span> <span class='ocrx_word' id='word_1_168' title='bbox 217 2603 370 2664; x_wconf 88' lang='lat' dir='ltr'>terminum</span> <span class='ocrx_word' id='word_1_169' title='bbox 399 2602 490 2679; x_wconf 90' lang='lat' dir='ltr'>usque</span> <span class='ocrx_word' id='word_1_170' title='bbox 511 2601 665 2665; x_wconf 86' lang='lat' dir='ltr'>dissolvere</span> <span class='ocrx_word' id='word_1_171' title='bbox 686 2603 820 2678; x_wconf 86' lang='lat' dir='ltr'>possunt,</span> <span class='ocrx_word' id='word_1_172' title='bbox 843 2607 889 2663; x_wconf 72' lang='lat' dir='ltr'>air</span> <span class='ocrx_word' id='word_1_173' title='bbox 910 2619 982 2665; x_wconf 88' lang='lat' dir='ltr'>vero</span> <span class='ocrx_word' id='word_1_174' title='bbox 1003 2619 1062 2663; x_wconf 90' lang='lat' dir='ltr'>non</span> <span class='ocrx_word' id='word_1_175' title='bbox 1085 2603 1171 2680; x_wconf 91' lang='lat' dir='ltr'>item,</span> <span class='ocrx_word' id='word_1_176' title='bbox 1192 2604 1259 2662; x_wconf 87' lang='lat' dir='ltr'>inde</span> 
     </span>
     <span class='ocr_line' id='line_1_21' title="bbox 71 2713 1259 2794; baseline 0.003 -21"><span class='ocrx_word' id='word_1_177' title='bbox 71 2715 223 2791; x_wconf 87' lang='lat' dir='ltr'>sequitur,</span> <span class='ocrx_word' id='word_1_178' title='bbox 243 2733 346 2791; x_wconf 89' lang='lat' dir='ltr'>aquam</span> <span class='ocrx_word' id='word_1_179' title='bbox 374 2713 521 2792; x_wconf 88' lang='lat' dir='ltr'>usquead</span> <span class='ocrx_word' id='word_1_180' title='bbox 543 2715 623 2776; x_wconf 90' lang='lat' dir='ltr'>illum</span> <span class='ocrx_word' id='word_1_181' title='bbox 651 2713 804 2776; x_wconf 85' lang='lat' dir='ltr'>cenninum</span> <span class='ocrx_word' id='word_1_182' title='bbox 826 2717 912 2794; x_wconf 83' lang='lat' dir='ltr'>longe</span> <span class='ocrx_word' id='word_1_183' title='bbox 935 2715 1023 2776; x_wconf 89' lang='lat' dir='ltr'>citius</span> <span class='ocrx_word' id='word_1_184' title='bbox 1044 2717 1151 2776; x_wconf 88' lang='lat' dir='ltr'>calcem</span> <span class='ocrx_word' id='word_1_185' title='bbox 1173 2714 1259 2776; x_wconf 87' lang='lat' dir='ltr'>dillo-</span> 
     </span>
     <span class='ocr_line' id='line_1_22' title="bbox 72 2825 1260 2902; baseline 0.003 -17"><span class='ocrx_word' id='word_1_186' title='bbox 72 2828 218 2899; x_wconf 88' lang='lat' dir='ltr'>luturam,</span> <span class='ocrx_word' id='word_1_187' title='bbox 238 2841 324 2902; x_wconf 90' lang='lat' dir='ltr'>quam</span> <span class='ocrx_word' id='word_1_188' title='bbox 345 2829 454 2900; x_wconf 65' lang='lat' dir='ltr'>aeream</span> <span class='ocrx_word' id='word_1_189' title='bbox 472 2825 538 2901; x_wconf 89' lang='lat' dir='ltr'>sed,</span> <span class='ocrx_word' id='word_1_190' title='bbox 557 2841 743 2888; x_wconf 90' lang='lat' dir='ltr'>cumcontra</span> <span class='ocrx_word' id='word_1_191' title='bbox 761 2831 809 2887; x_wconf 77' lang='lat' dir='ltr'>aer</span> <span class='ocrx_word' id='word_1_192' title='bbox 826 2827 939 2888; x_wconf 88' lang='lat' dir='ltr'>constet</span> <span class='ocrx_word' id='word_1_193' title='bbox 958 2826 1045 2888; x_wconf 88' lang='lat' dir='ltr'>etiam</span> <span class='ocrx_word' id='word_1_194' title='bbox 1064 2826 1260 2902; x_wconf 84' lang='lat' dir='ltr'>crallroribus,</span> 
     </span>
     <span class='ocr_line' id='line_1_23' title="bbox 72 2935 1259 3016; baseline 0.002 -20"><span class='ocrx_word' id='word_1_195' title='bbox 72 2953 104 2998; x_wconf 88' lang='lat' dir='ltr'>et</span> <span class='ocrx_word' id='word_1_196' title='bbox 132 2937 222 3015; x_wconf 82' lang='lat' dir='ltr'>longe</span> <span class='ocrx_word' id='word_1_197' title='bbox 249 2935 470 3012; x_wconf 88' lang='lat' dir='ltr'>subtilioribus,</span> <span class='ocrx_word' id='word_1_198' title='bbox 497 2953 528 2998; x_wconf 89' lang='lat' dir='ltr'>ec</span> <span class='ocrx_word' id='word_1_199' title='bbox 556 2937 651 2998; x_wconf 82' lang='lat' dir='ltr'>omnia</span> <span class='ocrx_word' id='word_1_200' title='bbox 680 2938 794 3016; x_wconf 82' lang='lat' dir='ltr'>generis</span> <span class='ocrx_word' id='word_1_201' title='bbox 821 2937 988 3015; x_wconf 82' lang='lat' dir='ltr'>particuIIs,</span> <span class='ocrx_word' id='word_1_202' title='bbox 1011 2957 1075 3015; x_wconf 87' lang='lat' dir='ltr'>quae</span> <span class='ocrx_word' id='word_1_203' title='bbox 1098 2957 1149 3015; x_wconf 89' lang='lat' dir='ltr'>per</span> <span class='ocrx_word' id='word_1_204' title='bbox 1169 2957 1259 3015; x_wconf 85' lang='lat' dir='ltr'>poros</span> 
     </span>
     <span class='ocr_line' id='line_1_24' title="bbox 72 3047 1259 3127; baseline 0.003 -21"><span class='ocrx_word' id='word_1_205' title='bbox 72 3049 162 3127; x_wconf 77' lang='lat' dir='ltr'>louge</span> <span class='ocrx_word' id='word_1_206' title='bbox 194 3047 389 3126; x_wconf 79' lang='lat' dir='ltr'>angustiores,</span> <span class='ocrx_word' id='word_1_207' title='bbox 421 3067 506 3125; x_wconf 88' lang='lat' dir='ltr'>quam</span> <span class='ocrx_word' id='word_1_208' title='bbox 538 3065 615 3126; x_wconf 80' lang='lat' dir='ltr'>quos</span> <span class='ocrx_word' id='word_1_209' title='bbox 646 3049 796 3125; x_wconf 79' lang='lat' dir='ltr'>partIculae</span> <span class='ocrx_word' id='word_1_210' title='bbox 829 3067 911 3125; x_wconf 86' lang='lat' dir='ltr'>aquae</span> <span class='ocrx_word' id='word_1_211' title='bbox 941 3061 1092 3124; x_wconf 88' lang='lat' dir='ltr'>penetrare</span> <span class='ocrx_word' id='word_1_212' title='bbox 1120 3047 1259 3125; x_wconf 84' lang='lat' dir='ltr'>polluat,</span> 
     </span>
     <span class='ocr_line' id='line_1_25' title="bbox 72 3156 1260 3234; baseline -0.003 -15"><span class='ocrx_word' id='word_1_213' title='bbox 72 3159 177 3220; x_wconf 84' lang='lat' dir='ltr'>meltis</span> <span class='ocrx_word' id='word_1_214' title='bbox 205 3158 302 3220; x_wconf 85' lang='lat' dir='ltr'>modis</span> <span class='ocrx_word' id='word_1_215' title='bbox 331 3158 361 3219; x_wconf 90' lang='lat' dir='ltr'>se</span> <span class='ocrx_word' id='word_1_216' title='bbox 392 3157 533 3219; x_wconf 77' lang='lat' dir='ltr'>instruere</span> <span class='ocrx_word' id='word_1_217' title='bbox 566 3157 699 3234; x_wconf 64' lang='lat' dir='ltr'>polluam</span> <span class='ocrx_word' id='word_1_218' title='bbox 730 3158 799 3218; x_wconf 82' lang='lat' dir='ltr'>iude</span> <span class='ocrx_word' id='word_1_219' title='bbox 825 3156 974 3234; x_wconf 89' lang='lat' dir='ltr'>sequitur,</span> <span class='ocrx_word' id='word_1_220' title='bbox 994 3163 1104 3232; x_wconf 74' lang='lat' dir='ltr'>aerem,</span> <span class='ocrx_word' id='word_1_221' title='bbox 1126 3157 1260 3232; x_wconf 87' lang='lat' dir='ltr'>quamvis</span> 
     </span>
     <span class='ocr_line' id='line_1_26' title="bbox 72 3267 1258 3346; baseline -0.001 -16"><span class='ocrx_word' id='word_1_222' title='bbox 72 3287 134 3331; x_wconf 90' lang='lat' dir='ltr'>non</span> <span class='ocrx_word' id='word_1_223' title='bbox 160 3285 224 3330; x_wconf 83' lang='lat' dir='ltr'>cam</span> <span class='ocrx_word' id='word_1_224' title='bbox 252 3270 314 3330; x_wconf 88' lang='lat' dir='ltr'>cito</span> <span class='ocrx_word' id='word_1_225' title='bbox 343 3283 433 3346; x_wconf 89' lang='lat' dir='ltr'>atque</span> <span class='ocrx_word' id='word_1_226' title='bbox 463 3287 588 3346; x_wconf 90' lang='lat' dir='ltr'>aquam,</span> <span class='ocrx_word' id='word_1_227' title='bbox 609 3287 714 3346; x_wconf 84' lang='lat' dir='ltr'>nempe</span> <span class='ocrx_word' id='word_1_228' title='bbox 744 3269 814 3346; x_wconf 88' lang='lat' dir='ltr'>quia</span> <span class='ocrx_word' id='word_1_229' title='bbox 835 3287 896 3330; x_wconf 88' lang='lat' dir='ltr'>non</span> <span class='ocrx_word' id='word_1_230' title='bbox 916 3285 964 3330; x_wconf 90' lang='lat' dir='ltr'>tot</span> <span class='ocrx_word' id='word_1_231' title='bbox 986 3268 1137 3344; x_wconf 85' lang='lat' dir='ltr'>particulis</span> <span class='ocrx_word' id='word_1_232' title='bbox 1158 3267 1258 3330; x_wconf 86' lang='lat' dir='ltr'>uuius-</span> 
     </span>
     <span class='ocr_line' id='line_1_27' title="bbox 73 3380 1312 3460; baseline 0 -18"><span class='ocrx_word' id='word_1_233' title='bbox 73 3381 218 3458; x_wconf 79' lang='lat' dir='ltr'>cujusque</span> <span class='ocrx_word' id='word_1_234' title='bbox 237 3381 350 3460; x_wconf 80' lang='lat' dir='ltr'>gcmeria</span> <span class='ocrx_word' id='word_1_235' title='bbox 371 3381 500 3442; x_wconf 83' lang='lat' dir='ltr'>constare</span> <span class='ocrx_word' id='word_1_236' title='bbox 523 3382 639 3456; x_wconf 82' lang='lat' dir='ltr'>potest,</span> <span class='ocrx_word' id='word_1_237' title='bbox 661 3383 749 3460; x_wconf 82' lang='lat' dir='ltr'>longe</span> <span class='ocrx_word' id='word_1_238' title='bbox 769 3396 867 3442; x_wconf 87' lang='lat' dir='ltr'>tamen</span> <span class='ocrx_word' id='word_1_239' title='bbox 889 3382 990 3442; x_wconf 86' lang='lat' dir='ltr'>meliua</span> <span class='ocrx_word' id='word_1_240' title='bbox 1012 3397 1100 3457; x_wconf 88' lang='lat' dir='ltr'>atque</span> <span class='ocrx_word' id='word_1_241' title='bbox 1124 3380 1259 3443; x_wconf 79' lang='lat' dir='ltr'>subtilius</span> <span class='ocrx_word' id='word_1_242' title='bbox 1309 3417 1312 3423; x_wconf 88' lang='lat'>·</span> 
     </span>
     <span class='ocr_line' id='line_1_28' title="bbox 72 3490 1258 3570; baseline -0.002 -15"><span class='ocrx_word' id='word_1_243' title='bbox 72 3493 229 3557; x_wconf 82' lang='lat' dir='ltr'>dissolvere</span> <span class='ocrx_word' id='word_1_244' title='bbox 264 3495 371 3554; x_wconf 89' lang='lat' dir='ltr'>calcem</span> <span class='ocrx_word' id='word_1_245' title='bbox 409 3491 489 3554; x_wconf 86' lang='lat' dir='ltr'>Nitri</span> <span class='ocrx_word' id='word_1_246' title='bbox 519 3491 620 3568; x_wconf 88' lang='lat' dir='ltr'>polle,</span> <span class='ocrx_word' id='word_1_247' title='bbox 651 3510 773 3569; x_wconf 85' lang='lat' dir='ltr'>eamque</span> <span class='ocrx_word' id='word_1_248' title='bbox 807 3491 1038 3570; x_wconf 73' lang='lat' dir='ltr'>languidi01em,</span> <span class='ocrx_word' id='word_1_249' title='bbox 1069 3511 1103 3554; x_wconf 88' lang='lat' dir='ltr'>ac</span> <span class='ocrx_word' id='word_1_250' title='bbox 1135 3490 1258 3567; x_wconf 89' lang='lat' dir='ltr'>proinde</span> 
     </span>
     <span class='ocr_line' id='line_1_29' title="bbox 73 3602 1258 3683; baseline 0 -17"><span class='ocrx_word' id='word_1_251' title='bbox 73 3607 217 3683; x_wconf 76' lang='lat' dir='ltr'>aptiorem</span> <span class='ocrx_word' id='word_1_252' title='bbox 249 3608 285 3666; x_wconf 86' lang='lat' dir='ltr'>ad</span> <span class='ocrx_word' id='word_1_253' title='bbox 317 3620 428 3666; x_wconf 86' lang='lat' dir='ltr'>motum</span> <span class='ocrx_word' id='word_1_254' title='bbox 460 3604 664 3682; x_wconf 85' lang='lat' dir='ltr'>particularum</span> <span class='ocrx_word' id='word_1_255' title='bbox 690 3604 816 3682; x_wconf 84' lang='lat' dir='ltr'>Spiritus</span> <span class='ocrx_word' id='word_1_256' title='bbox 838 3603 918 3666; x_wconf 85' lang='lat' dir='ltr'>Nitri</span> <span class='ocrx_word' id='word_1_257' title='bbox 938 3602 1108 3680; x_wconf 80' lang='lat' dir='ltr'>saliendum,</span> <span class='ocrx_word' id='word_1_258' title='bbox 1129 3607 1258 3666; x_wconf 87' lang='lat' dir='ltr'>reddere.</span> 
     </span>
     <span class='ocr_line' id='line_1_30' title="bbox 73 3713 1258 3792; baseline -0.002 -14"><span class='ocrx_word' id='word_1_259' title='bbox 73 3719 148 3778; x_wconf 82' lang='lat' dir='ltr'>biam</span> <span class='ocrx_word' id='word_1_260' title='bbox 171 3715 382 3778; x_wconf 85' lang='lat' dir='ltr'>nullamaliam</span> <span class='ocrx_word' id='word_1_261' title='bbox 404 3715 596 3777; x_wconf 84' lang='lat' dir='ltr'>disserentium</span> <span class='ocrx_word' id='word_1_262' title='bbox 618 3715 694 3776; x_wconf 87' lang='lat' dir='ltr'>inter</span> <span class='ocrx_word' id='word_1_263' title='bbox 714 3715 854 3792; x_wconf 86' lang='lat' dir='ltr'>Spiritum</span> <span class='ocrx_word' id='word_1_264' title='bbox 875 3713 954 3775; x_wconf 89' lang='lat' dir='ltr'>Nitri</span> <span class='ocrx_word' id='word_1_265' title='bbox 976 3729 1005 3775; x_wconf 89' lang='lat' dir='ltr'>et</span> <span class='ocrx_word' id='word_1_266' title='bbox 1027 3714 1144 3776; x_wconf 87' lang='lat' dir='ltr'>Nicrum</span> <span class='ocrx_word' id='word_1_267' title='bbox 1165 3714 1258 3791; x_wconf 88' lang='lat' dir='ltr'>ipsum</span> 
     </span>
     <span class='ocr_line' id='line_1_31' title="bbox 74 3827 1259 3908; baseline 0 -18"><span class='ocrx_word' id='word_1_268' title='bbox 74 3829 171 3891; x_wconf 84' lang='lat' dir='ltr'>adbuc</span> <span class='ocrx_word' id='word_1_269' title='bbox 193 3827 348 3908; x_wconf 73' lang='lat' dir='ltr'>agnoscere</span> <span class='ocrx_word' id='word_1_270' title='bbox 369 3845 461 3906; x_wconf 86' lang='lat' dir='ltr'>cogor</span> <span class='ocrx_word' id='word_1_271' title='bbox 480 3831 516 3890; x_wconf 92' lang='lat' dir='ltr'>ab</span> <span class='ocrx_word' id='word_1_272' title='bbox 539 3827 765 3905; x_wconf 81' lang='lat' dir='ltr'>experimentis,</span> <span class='ocrx_word' id='word_1_273' title='bbox 787 3845 873 3904; x_wconf 85' lang='lat' dir='ltr'>quam</span> <span class='ocrx_word' id='word_1_274' title='bbox 896 3830 978 3904; x_wconf 88' lang='lat' dir='ltr'>quod</span> <span class='ocrx_word' id='word_1_275' title='bbox 999 3828 1149 3903; x_wconf 86' lang='lat' dir='ltr'>particulae</span> <span class='ocrx_word' id='word_1_276' title='bbox 1170 3829 1259 3906; x_wconf 83' lang='lat' dir='ltr'>hujus</span> 
     </span>
     <span class='ocr_line' id='line_1_32' title="bbox 73 3939 1258 4019; baseline 0.002 -16"><span class='ocrx_word' id='word_1_277' title='bbox 73 3942 243 4019; x_wconf 75' lang='lat' dir='ltr'>qadescant,</span> <span class='ocrx_word' id='word_1_278' title='bbox 267 3941 346 4002; x_wconf 86' lang='lat' dir='ltr'>illlaa</span> <span class='ocrx_word' id='word_1_279' title='bbox 373 3957 444 4004; x_wconf 78' lang='lat' dir='ltr'>vero</span> <span class='ocrx_word' id='word_1_280' title='bbox 472 3943 558 4004; x_wconf 84' lang='lat' dir='ltr'>valde</span> <span class='ocrx_word' id='word_1_281' title='bbox 587 3939 742 4002; x_wconf 85' lang='lat' dir='ltr'>concitatae</span> <span class='ocrx_word' id='word_1_282' title='bbox 763 3939 840 4002; x_wconf 91' lang='lat' dir='ltr'>inter</span> <span class='ocrx_word' id='word_1_283' title='bbox 859 3939 920 4002; x_wconf 84' lang='lat' dir='ltr'>sese</span> <span class='ocrx_word' id='word_1_284' title='bbox 941 3940 1106 4019; x_wconf 61' lang='lat' dir='ltr'>agitantum</span> <span class='ocrx_word' id='word_1_285' title='bbox 1128 3943 1203 4002; x_wconf 85' lang='lat' dir='ltr'>adeo</span> <span class='ocrx_word' id='word_1_286' title='bbox 1224 3957 1258 4006; x_wconf 91' lang='lat' dir='ltr'>ut</span> 
     </span>
     <span class='ocr_line' id='line_1_33' title="bbox 72 4052 1258 4130; baseline -0.003 -13"><span class='ocrx_word' id='word_1_287' title='bbox 72 4057 174 4116; x_wconf 77' lang='lat' dir='ltr'>eadem</span> <span class='ocrx_word' id='word_1_288' title='bbox 196 4052 378 4128; x_wconf 83' lang='lat' dir='ltr'>differentia,</span> <span class='ocrx_word' id='word_1_289' title='bbox 400 4071 466 4129; x_wconf 84' lang='lat' dir='ltr'>quae</span> <span class='ocrx_word' id='word_1_290' title='bbox 487 4053 529 4113; x_wconf 86' lang='lat' dir='ltr'>eil</span> <span class='ocrx_word' id='word_1_291' title='bbox 550 4052 627 4114; x_wconf 88' lang='lat' dir='ltr'>incer</span> <span class='ocrx_word' id='word_1_292' title='bbox 647 4052 767 4130; x_wconf 82' lang='lat' dir='ltr'>glaciem</span> <span class='ocrx_word' id='word_1_293' title='bbox 789 4067 819 4112; x_wconf 89' lang='lat' dir='ltr'>et</span> <span class='ocrx_word' id='word_1_294' title='bbox 841 4068 967 4128; x_wconf 86' lang='lat' dir='ltr'>aquam,</span> <span class='ocrx_word' id='word_1_295' title='bbox 987 4052 1022 4114; x_wconf 85' lang='lat' dir='ltr'>lit</span> <span class='ocrx_word' id='word_1_296' title='bbox 1044 4053 1121 4116; x_wconf 84' lang='lat' dir='ltr'>iuter</span> <span class='ocrx_word' id='word_1_297' title='bbox 1141 4053 1258 4116; x_wconf 88' lang='lat' dir='ltr'>Nitrum</span> 
     </span>
     <span class='ocr_line' id='line_1_34' title="bbox 73 4165 360 4245; baseline -0.007 -17"><span class='ocrx_word' id='word_1_298' title='bbox 73 4183 101 4228; x_wconf 86' lang='lat' dir='ltr'>et</span> <span class='ocrx_word' id='word_1_299' title='bbox 124 4167 191 4245; x_wconf 73' lang='lat' dir='ltr'>ejas</span> <span class='ocrx_word' id='word_1_300' title='bbox 209 4165 360 4242; x_wconf 79' lang='lat' dir='ltr'>spirirum.</span> 
     </span>
    </p>

    <p class='ocr_par' dir='ltr' id='par_1_5' title="bbox 70 4275 1260 4470">
     <span class='ocr_line' id='line_1_35' title="bbox 110 4275 1260 4352; baseline -0.003 -13"><span class='ocrx_word' id='word_1_301' title='bbox 110 4281 222 4341; x_wconf 77' lang='lat' dir='ltr'>Verum</span> <span class='ocrx_word' id='word_1_302' title='bbox 243 4292 275 4339; x_wconf 88' lang='lat' dir='ltr'>te</span> <span class='ocrx_word' id='word_1_303' title='bbox 296 4279 373 4340; x_wconf 85' lang='lat' dir='ltr'>circa</span> <span class='ocrx_word' id='word_1_304' title='bbox 392 4278 456 4338; x_wconf 80' lang='lat' dir='ltr'>bac</span> <span class='ocrx_word' id='word_1_305' title='bbox 477 4277 589 4339; x_wconf 87' lang='lat' dir='ltr'>diutius</span> <span class='ocrx_word' id='word_1_306' title='bbox 611 4277 740 4340; x_wconf 75' lang='lat' dir='ltr'>detinme</span> <span class='ocrx_word' id='word_1_307' title='bbox 762 4295 822 4338; x_wconf 88' lang='lat' dir='ltr'>non</span> <span class='ocrx_word' id='word_1_308' title='bbox 845 4278 957 4340; x_wconf 87' lang='lat' dir='ltr'>audeo:</span> <span class='ocrx_word' id='word_1_309' title='bbox 980 4293 1099 4352; x_wconf 89' lang='lat' dir='ltr'>vereor,</span> <span class='ocrx_word' id='word_1_310' title='bbox 1120 4293 1156 4336; x_wconf 87' lang='lat' dir='ltr'>ue</span> <span class='ocrx_word' id='word_1_311' title='bbox 1173 4275 1260 4336; x_wconf 84' lang='lat' dir='ltr'>nimia</span> 
     </span>
     <span class='ocr_line' id='line_1_36' title="bbox 70 4387 1257 4470; baseline -0.006 -16"><span class='ocrx_word' id='word_1_312' title='bbox 70 4393 206 4470; x_wconf 86' lang='lat' dir='ltr'>prolixus</span> <span class='ocrx_word' id='word_1_313' title='bbox 230 4390 351 4467; x_wconf 81' lang='lat' dir='ltr'>buerim,</span> <span class='ocrx_word' id='word_1_314' title='bbox 373 4390 523 4468; x_wconf 89' lang='lat' dir='ltr'>quamvis,</span> <span class='ocrx_word' id='word_1_315' title='bbox 546 4406 687 4466; x_wconf 91' lang='lat' dir='ltr'>quantum</span> <span class='ocrx_word' id='word_1_316' title='bbox 710 4389 826 4468; x_wconf 89' lang='lat' dir='ltr'>quidem</span> <span class='ocrx_word' id='word_1_317' title='bbox 854 4389 960 4466; x_wconf 90' lang='lat' dir='ltr'>potui,</span> <span class='ocrx_word' id='word_1_318' title='bbox 980 4387 1120 4451; x_wconf 89' lang='lat' dir='ltr'>brevitati</span> <span class='ocrx_word' id='word_1_319' title='bbox 1141 4387 1257 4448; x_wconf 57' lang='lat' dir='ltr'>studuea</span> 
     </span>
    </p>
   </div>
   <div class='ocr_carea' id='block_1_3' title="bbox 0 0 1472 4896">
    <p class='ocr_par' dir='ltr' id='par_1_6' title="bbox 0 0 1472 4896">
     <span class='ocr_line' id='line_1_37' title="bbox 0 0 1472 4896; baseline 0 0"><span class='ocrx_word' id='word_1_320' title='bbox 0 0 1472 4896; x_wconf 95' lang='lat' dir='ltr'> </span> 
     </span>
    </p>
   </div>
  </div>
 </body>
</html>
