2926 4896
529 409 733 491 Epistola
766 405 816 475 IX.
1228 425 1265 492 35

76 605 185 671 ceptum
212 593 336 652 alterius
363 595 418 653 rei.
460 593 538 651 Idem
561 604 617 670 per
645 590 821 650 attributum
841 591 987 665 intelligo,
1008 589 1061 667 m‘fi
1082 593 1158 668 quod
1174 595 1265 652 attri-

78 705 175 764 butum
200 705 318 764 dicatur
345 704 473 783 resptdiu
500 703 675 778 intelleiitts,
696 701 869 780 substantia
895 715 1003 762 certam
1023 703 1108 762 talem
1128 716 1266 763 naturam

78 818 242 878 tribuentis.
283 819 371 893 llaec,
398 817 535 894 inquam,
563 815 697 878 delinitio
727 815 796 875 satis
828 816 902 876 clarc
935 815 1082 892 explicat,
1112 816 1184 893 quid
1215 833 1267 892 per

77 929 264 990 substantiam
294 929 354 990 sive
387 928 560 990 attributum
592 927 755 1006 intelligere
788 929 870 991 volo.
912 927 1012 989 Vultis
1043 943 1158 1004 tamen,
1185 931 1267 1005 quod

78 1041 194 1102 minime
217 1059 294 1118 opus
316 1041 374 1118 est,
395 1055 428 1101 ut
450 1041 585 1117 exemplo
608 1039 769 1116 explicem,
788 1041 940 1116 quomodo
962 1057 1020 1100 una
1041 1042 1200 1117 eademque
1221 1059 1266 1101 res

77 1154 196 1213 duobus
217 1153 387 1215 nominibus
408 1152 534 1233 insigniti
558 1155 651 1232 point.
673 1156 730 1215 Sed
742 1173 778 1214 ne
789 1154 1008 1230 parcusvidear
1026 1156 1086 1215 duo
1103 1154 1266 1216 adhibeam.

77 1265 218 1326 Primum:
249 1267 335 1343 dico,
364 1285 416 1343 pet
443 1268 572 1328 Israelem
601 1267 726 1345 intelligi
748 1266 867 1328 tertium
888 1265 1098 1344 Patriarcham,
1119 1268 1195 1328 idem
1217 1287 1268 1344 per

76 1380 221 1457 Jacobum
248 1379 399 1458 intelligo,
425 1382 507 1456 quod
536 1397 642 1440 nomen
664 1378 770 1459 Jacobi
792 1377 844 1454 ipsr
866 1378 1073 1453 imponebatur
1094 1395 1267 1457 propterea,

77 1491 157 1566 quod
178 1492 287 1550 calcem
309 1491 406 1552 fratris
427 1492 667 1568 apprehenderat.
689 1491 870 1551 Secundum:
893 1508 944 1566 per
965 1491 1083 1565 planum
1105 1490 1265 1570 intelligere

77 1603 147 1664 volo
170 1603 218 1678 id,
240 1605 321 1679 quod
344 1621 446 1664 omnes
465 1603 563 1665 radios
584 1604 657 1665 lutis
680 1603 739 1665 sme
761 1605 819 1665 ulla
841 1603 1005 1664 mutatione
1027 1604 1166 1681 reflectit3
1189 1605 1266 1667 idem

75 1733 127 1790 per
147 1717 246 1776 album
268 1715 418 1796 intelligo,
437 1715 487 1777 nist
506 1719 588 1794 quod
607 1718 703 1778 album
724 1717 839 1779 dicatur
855 1714 988 1792 respectu
1005 1716 1131 1778 hominis
1148 1719 1266 1794 planum

77 1843 233 1889 mtuentrs.

108 1973 155 2038 [D.
172 1973 340 2041 Rhenoburgi
357 1971 401 2024 sub
419 1971 494 2024 finem
511 1989 545 2025 nr.
562 1974 635 2024 Febr.
652 1988 675 2026 a.
695 1972 779 2040 1⁶63·]

613 2181 755 2192 u...—

403 2342 641 2404 Errsrotx
672 2344 700 2404 X
728 2345 812 2409 (ortu
830 2345 948 2409 xxvrn).

527 2499 685 2579 Doiitfflmo
711 2501 818 2569 Jutrem‘

372 2641 612 2702 SIMONI
653 2642 727 2702 DE
768 2644 968 2704 VRIES

607 2785 639 2846 B.
661 2801 694 2844 o.
714 2785 743 2846 8.

199 2927 299 2988 Amice
318 2927 443 3003 colende,

114 3071 200 3133 Petis
222 3090 237 3132 a
258 3089 321 3147 me,
343 3089 379 3132 arr
401 3089 535 3150 egeamus
557 3069 738 3146 experientia
759 3073 796 3133 ad
817 3070 981 3149 sciendum,
1004 3088 1100 3135 utrum
1122 3073 1265 3134 Definitio

75 3183 205 3259 alicujus
227 3183 374 3244 Attributi
395 3165 436 3243 srt'
450 3183 544 3246 vera?
575 3184 624 3244 Ad
643 3182 702 3244 hoc
723 3183 905 3261 respondeo,
935 3203 990 3245 nos
1011 3202 1159 3262 nunquam
1181 3201 1265 3262 egere

75 3293 276 3371 experientia,
297 3293 349 3355 nist
370 3297 407 3356 ad
426 3293 490 3371 illa,
511 3313 577 3372 quae
595 3314 632 3356 ex
651 3295 692 3356 rei
710 3295 880 3358 definitione
899 3314 960 3358 non
978 3295 1096 3373 poliunt
1115 3294 1266 3370 concludi,

75 3423 110 3467 ut
133 3423 236 3485 exgt.
258 3405 411 3468 existentia
434 3407 610 3470 Modorum:
631 3407 694 3468 haec
716 3408 872 3469 enimarei
893 3407 1065 3470 definitione
1087 3424 1148 3468 non
1169 3405 1266 3481 potest

74 3519 229 3581 concludi.
257 3521 329 3581 Norr
352 3538 423 3583 vero
446 3523 482 3581 ad
502 3519 567 3597 illa,
588 3538 712 3599 quorum
735 3521 887 3582 existentia
909 3520 945 3580 ab
967 3520 1126 3581 eorundem
1148 3515 1266 3579 ellentia

74 3651 140 3693 non
162 3631 367 3711 distinguitur,
388 3651 422 3693 ac
444 3633 568 3709 proinde
590 3634 626 3694 ab
649 3651 748 3695 eorum
770 3632 943 3695 definitione
965 3629 1160 3692 concluditur.
1202 3632 1265 3691 lmo

74 3744 158 3805 nulla
186 3743 367 3819 experientia
397 3745 427 3806 id
455 3763 581 3821 unquam
612 3763 667 3806 nos
695 3748 819 3807 edocere
848 3743 975 3820 poterit:
998 3761 1063 3804 nam
1084 3741 1265 3819 experientia

75 3856 173 3917 nullas
195 3871 288 3916 rerum
311 3855 444 3918 essentias
465 3861 571 3933 docet;
600 3856 649 3919 sed
670 3858 827 3935 summum,
848 3860 931 3935 quod
952 3856 1065 3918 efficere
1088 3855 1203 3932 potest,
1224 3855 1265 3915 est

75 3981 207 4028 mentem
229 3967 352 4028 nostram
374 3969 582 4044 determinare,
603 3983 637 4030 ut
658 3970 732 4030 circa
755 3985 849 4030 certas
871 3983 986 4030 tantum
1007 3985 1100 4029 rerum
1132 3966 1266 4029 essentias

76 4079 203 4159 cogitet.
245 4079 360 4162 Quare,
389 4099 453 4143 cum
483 4080 635 4142 existentia
657 4082 864 4143 attributorum
886 4083 921 4143 ab
944 4099 1044 4143 eorum
1066 4079 1183 4142 ellentia
1204 4098 1264 4142 non

76 4192 213 4268 differat,
232 4209 296 4252 eam
319 4193 396 4254 nulla
417 4192 598 4270 experientia
621 4193 783 4270 poterimus
805 4191 924 4270 assequi.

117 4305 211 4387 Quod
229 4321 319 4380 pono
338 4305 430 4382 petis,
448 4324 521 4367 anne
540 4325 586 4368 res
603 4306 705 4383 ctiam,
723 4324 855 4369 rerumve
873 4305 1059 4382 affeeiones,
1076 4305 1130 4366 smt
1149 4319 1264 4366 aeternae

75 4415 244 4481 veritates?
268 4417 364 4492 Dico,
385 4418 514 4480 omnino.
556 4417 587 4479 Si
608 4417 735 4496 regeris,
758 4437 809 4480 cur
830 4437 879 4479 eas
900 4434 1022 4480 aeternas
1044 4417 1184 4480 veritates
1204 4435 1265 4480 non
