2926 4896
182 379 250 429 v111

181 565 334 614 caeterum
356 545 502 631 pro'stant
527 545 627 612 libelli
650 545 809 612 editiones
833 545 1034 612 Germanice
1059 564 1093 613 et
1117 547 1266 632 Gallica,
1288 567 1369 630 quas

180 686 377 736 curaverunt
399 668 464 734 viri
486 665 651 734 dodbilllmi
674 667 832 756 Sigwart‚
857 665 1133 750 Schaarschmidt‚
1152 667 1260 754 Janet.

224 792 387 874 PrIncipia
410 787 614 874 Carteliana,
637 789 864 878 Cogitationes
898 787 1152 874 Metaphyllcae,
1175 789 1302 856 libellus
1325 789 1368 856 de

179 912 281 994 Iride,
311 931 352 977 ex
383 910 581 978 editionibus
611 911 810 995 principibus
842 911 980 994 repetita
1000 907 1085 978 sunt.
1132 909 1243 996 Hujus
1265 931 1369 994 quum

179 1037 246 1102 duo
280 1032 473 1118 exemplaria
514 1033 743 1114 innotuerint,
778 1032 950 1120 Haganum
992 1053 1118 1116 unum,
1156 1035 1293 1100 alterum
1334 1035 1368 1100 in

180 1155 379 1222 bibliotheca
416 1155 461 1221 D.
495 1153 628 1220 Bierens
663 1153 703 1219 de
738 1152 833 1221 Haan
873 1152 1052 1220 matheseos
1092 1153 1298 1238 professoris,
1333 1157 1368 1220 in

181 1295 322 1360 utroque
345 1295 497 1360 tanquam
521 1275 730 1361 appendicem
751 1277 936 1342 invenimus
959 1295 1160 1364 programma
1182 1275 1366 1358 quoddam,

137 1465 140 1472 ,
183 1413 221 1462 ut
245 1414 324 1462 tunc
346 1396 575 1478 loquebantur,
598 1395 637 1461 ad
660 1395 882 1460 Probabilium
901 1396 1062 1461 calculum
1083 1395 1368 1478 pertinens,qu0d

183 1535 216 1583 et
237 1515 343 1602 ipsum
367 1518 517 1600 Spinozae
543 1516 770 1583 vindicandum
793 1517 954 1584 duximus.

228 1652 468 1737 Compendium
511 1653 745 1720 Grammaticos
786 1653 923 1744 Linguae
963 1653 1112 1720 Hebraeae
1147 1653 1371 1737 imperfestum

181 1777 305 1842 mendis
328 1777 531 1858 inquinatum
551 1795 621 1841 erat
640 1777 760 1842 nemini
780 1779 832 1842 vel
853 1777 952 1842 tironi
972 1775 1166 1857 tolerandis,
1186 1774 1371 1858 quibusque

184 1898 357 1988 purgandis
387 1899 444 1964 vix
471 1917 603 1964 manum
635 1899 843 1964 admoverant
874 1915 931 1963 aut
961 1898 1080 1964 Paulus
1112 1915 1169 1962 aut
1190 1894 1372 1962 Bruderus.

185 2021 231 2087 Et
266 2040 459 2103 quamquam
490 2021 584 2086 nobis
615 2019 756 2102 constat,
793 2021 956 2086 au'dtorem
987 2021 1021 2084 in
1053 2020 1137 2084 libro
1171 2017 1372 2085 absolvendo

185 2143 342 2208 nonnulla
372 2162 444 2224 quae
472 2140 638 2226 scripfiffet
669 2125 864 2208 accuratius
880 2139 1099 2225 expreffurum
1125 2137 1241 2222 fuisse,
1264 2157 1373 2206 tamen

186 2263 383 2330 emendanda
412 2265 598 2348 putavimus
628 2285 700 2347 quae
731 2265 786 2330 ille
809 2285 849 2330 ne
872 2264 1050 2332 dormitans
1080 2262 1212 2347 quidem
1234 2261 1374 2328 scribere

185 2383 350 2467 potuilset.
836 2375 842 2392 '

230 2522 393 2589 Volumen
428 2524 609 2590 ornandum
642 2523 826 2590 curavimus
860 2521 1043 2608 philofitphi
1078 2523 1238 2610 imagine,
1274 2541 1373 2603 quam

183 2645 280 2729 juxta
302 2645 444 2710 tabulam
466 2645 582 2728 pidtam
613 2644 936 2730 Guelpherbytanam
959 2665 976 2709 e
999 2643 1088 2709 Petri
1117 2643 1246 2708 Francii
1267 2641 1375 2726 supel-

186 2765 284 2831 leslili
306 2783 521 2850 comparatam
543 2763 711 2850 exsculpsit
735 2766 852 2833 artifex
882 2764 1109 2832 sollertiffimus
1132 2765 1167 2832 P.
1188 2765 1219 2852 J.
1242 2764 1375 2830 Arend·

187 2907 259 2952 zen.
305 2887 427 2952 Eadem
459 2888 568 2952 tabula
599 2885 672 2953 solis
702 2907 764 2972 ope
795 2884 936 2970 exprell‘a
965 2885 1068 2952 exstat
1097 2888 1131 2951 in
1162 2886 1247 2950 libro
1274 2885 1374 2950 modo

186 3008 319 3075 laudato
342 3011 405 3075 viri
428 3008 593 3075 dottiffimi
627 3009 827 3076 Martineau.
850 3009 1018 3076 Paulinam
1041 3028 1139 3089 vero,
1162 3027 1259 3089 quam
1282 3027 1374 3072 nunc

187 3130 319 3198 exhibet
353 3128 506 3196 Museum
541 3132 684 3198 civitatis
719 3133 880 3222 Haganae‚
915 3151 954 3196 ex
988 3131 1042 3196 illa
1076 3131 1242 3212 aliquanto
1264 3130 1375 3195 minus

186 3252 326 3319 feliciter
348 3250 536 3336 exscriptam
559 3251 621 3318 effe
640 3253 789 3339 judicant
812 3255 889 3319 artis
914 3254 1021 3336 periti.
1056 3253 1206 3339 Figuram
1229 3269 1376 3318 veterem

189 3395 327 3456 aeneam,
349 3396 421 3456 quae
446 3377 479 3440 in
502 3374 695 3458 quibusdam
731 3375 877 3459 Operum
911 3373 1139 3441 Postumorum
1163 3375 1316 3457 exemplis
1341 3391 1376 3438 et

189 3499 222 3562 in
257 3497 341 3562 libro
375 3496 587 3562 Pollockiano
622 3497 806 3578 iuvenitur,
841 3497 882 3561 ab
916 3495 1026 3562 eadem
1055 3496 1212 3584 originem
1246 3495 1376 3560 trahere

188 3617 392 3696 existimant,
415 3619 564 3684 nonnihil
587 3619 720 3685 mutatis
743 3619 963 3702 lineamentis,
985 3639 1053 3701 quo
1076 3619 1286 3688 maturiorem
1308 3618 1376 3682 viri

188 3758 314 3806 aetatem
339 3759 372 3806 et
394 3759 537 3806 teneram
559 3741 777 3807 valetudinem
799 3743 913 3807 melius
937 3740 1081 3808 referret.
1104 3741 1277 3806 Parvulam
1295 3759 1376 3804 vero

188 3863 342 3946 pisturam
373 3862 578 3942 Gothanam,
608 3884 681 3946 quae
713 3865 861 3952 evulgata
891 3861 937 3928 est
967 3864 1000 3929 in
1032 3863 1268 3946 Supplemento
1291 3860 1375 3926 Am-

188 3981 353 4049 stelodami
376 4005 403 4048 a.
432 3985 526 4050 1862.
547 3983 636 4049 edito
667 4001 700 4050 et
727 3986 760 4049 in
785 3982 941 4067 opusculo
964 3983 1093 4050 Danico
1116 3982 1253 4049 Haraldi
1276 3981 1375 4048 Hoff-

188 4106 265 4193 ding
288 4126 315 4172 c.
342 4124 365 4172 t.
390 4107 533 4192 Spinozas
557 4105 619 4172 Liv
642 4127 681 4196 og
704 4105 790 4172 Loere
819 4105 979 4190 (Havniae
1005 4104 1140 4190 1877.)‚
1159 4105 1226 4189 jam
1249 4101 1374 4169 constat

188 4246 254 4291 non
278 4225 456 4292 nostrised
487 4225 726 4293 Tschirnhauiii
756 4227 823 4294 fere
847 4230 978 4294 vultum
1001 4227 1198 4311 exprimere,
1222 4243 1260 4291 ut
1283 4243 1316 4291 et
1340 4227 1372 4290 in

188 4347 308 4436 Anglia
342 4349 502 4433 quandam
537 4349 752 4439 Oldenburgii
785 4371 844 4436 pro
875 4351 1026 4434 Spinozae
1061 4349 1198 4437 imagine
1231 4347 1373 4414 habitam
