2926 4896
495 371 699 448 Epistola
729 372 793 432 llll.
1195 387 1233 450 43

48 548 110 623 ipsa
138 546 303 609 Substantia
330 547 510 624 separamus,
538 525 568 610 et
596 551 633 610 ad
660 547 775 628 classes,
803 564 836 610 ut
866 567 916 610 eas
936 552 1036 632 quoad
1056 549 1118 610 fieri
1140 549 1237 625 potest

50 657 135 718 sacile
155 657 360 736 imaginemur,
383 657 555 738 redigimus,
578 658 672 720 oritur
692 659 856 733 Numerus,
878 677 939 736 quo
961 658 1038 736 ipsas
1060 659 1233 720 determina·

50 788 126 830 mus.
153 770 200 830 Ex
222 769 331 847 quibus
351 770 427 830 clare
453 769 552 832 videre
573 769 630 844 est,
650 769 835 844 Mensuram,
855 771 1004 848 Tempus,
1025 786 1055 831 et
1076 773 1235 832 Numerum

50 879 122 940 nihil
154 879 212 940 esse
242 894 347 956 praeter
377 880 546 960 cogitandi,
567 880 617 942 seu
639 880 741 956 potius
766 880 962 960 imaginandi,
982 885 1097 944 modos.
1138 884 1236 965 Quare

50 1011 111 1053 nou
140 991 243 1054 mirum
270 992 327 1068 est,
355 995 438 1069 quod
467 1011 585 1070 omnes,
611 993 663 1070 qui
683 992 824 1056 similibus
844 994 1048 1072 Notionibus,
1069 1011 1100 1056 et
1120 997 1238 1074 quidem

50 1119 191 1180 praeterea
212 1104 284 1164 male
305 1103 478 1180 intellesiis,
506 1099 683 1184 progressum
705 1107 827 1167 Naturae
848 1105 1011 1186 intelligere
1034 1107 1134 1169 conati
1155 1107 1239 1185 sunt,

50 1219 125 1276 adeo
154 1215 274 1277 mirifice
295 1214 323 1276 se
345 1216 522 1293 intricatint,
553 1233 587 1279 ut
609 1219 726 1280 tandem
748 1218 776 1280 se
798 1219 940 1282 extricare
962 1220 1166 1298 nequiverint,
1187 1221 1238 1282 nist

50 1327 149 1388 omnia
169 1330 402 1404 pertimendo,
424 1343 454 1390 et
474 1328 597 1390 absurda
620 1329 707 1391 eriam
728 1329 921 1392 absurdiffima
943 1331 1136 1396 admittendo.
1147 1335 1238 1407 Nem,

49 1459 115 1502 cum
147 1442 240 1502 mrdta
270 1439 340 1516 smt,
373 1458 438 1517 quae
470 1459 655 1518 nequaquam
676 1441 906 1520 imaginatione,
928 1441 978 1506 sed
999 1443 1063 1505 solo
1084 1445 1238 1507 Intelledtu

48 1553 158 1630 assequi
180 1551 348 1629 possumus,
368 1553 465 1629 qualia
486 1552 553 1614 sunt
575 1553 759 1629 Substantia,
780 1555 961 1626 AEtemitas.
985 1570 1015 1617 et
1037 1555 1108 1632 alia;
1129 1555 1150 1616 sr
1172 1557 1238 1633 quis

48 1665 118 1727 talia
140 1663 286 1742 ejusmodi
306 1663 509 1740 Notionibus,
530 1683 596 1741 quae
617 1667 762 1726 duntaxat
780 1665 902 1727 Auxilia
919 1666 1141 1746 imaginationis
1157 1667 1239 1744 sunt,

49 1779 199 1855 explicare
221 1792 356 1853 conatur,
379 1775 471 1838 nihilo
493 1777 558 1852 plus
579 1776 658 1856 agit,
680 1795 767 1854 quam
785 1776 806 1836 sr
824 1780 875 1839 det
896 1797 1032 1856 operam,
1050 1795 1084 1840 ur
1102 1778 1152 1840 sua
1170 1779 1239 1840 ima·

47 1890 204 1969 ginatiorm
224 1888 358 1950 insaniat.
399 1890 505 1966 Neque
528 1889 616 1950 ctiam
638 1889 690 1966 ipsr
712 1890 885 1952 Substantia
907 1891 1013 1968 Medi,
1032 1891 1054 1952 si
1075 1911 1140 1952 cum
1162 1891 1240 1969 ejus-

48 2003 130 2064 modi
147 2000 280 2064 Entibua
298 1999 437 2062 Rationis
449 2001 500 2063 seu
510 2001 728 2080 imaginationis
743 2002 859 2064 auxiliis
870 2004 1099 2080 confundantur,
1110 2021 1237 2080 unquam

48 2120 126 2179 rede
147 2114 277 2194 intelligi
307 2130 458 2190 poterunt.
498 2116 574 2176 Nam
596 2133 662 2176 cum
683 2115 714 2176 id
735 2115 873 2192 facimus,
895 2135 947 2178 eoa
969 2135 985 2178 a
1005 2116 1188 2193 Substantia,
1209 2132 1239 2178 et

49 2233 140 2292 modo
163 2247 228 2310 quo
249 2231 284 2290 ab
305 2228 486 2290 AEtemitare
507 2230 621 2306 fluunt,
640 2227 821 2305 separamus,
842 2228 901 2290 sme
924 2229 1031 2306 quibus
1049 2244 1145 2290 tamen
1163 2232 1239 2292 reste

49 2342 177 2423 intelligi
198 2356 362 2420 nequeunt.

88 2458 186 2540 Quod
213 2471 248 2516 ur
274 2455 370 2516 adhuc
399 2454 503 2516 clarius
531 2455 649 2530 videas,
671 2471 743 2530 cape
764 2454 823 2516 hoc
845 2455 1025 2532 exemplum:
1048 2471 1168 2530 nempe,
1189 2453 1240 2515 ubi

50 2566 117 2644 quis
136 2565 335 2627 Durationem
356 2563 494 2626 abstraste
515 2563 704 2640 conceperit,
725 2582 845 2642 eamque
866 2583 932 2624 cum
943 2564 1091 2639 Tempore
1113 2565 1240 2625 consun-

50 2682 150 2742 dendo
173 2679 205 2740 in
225 2693 325 2755 partes
345 2676 477 2740 dividere
498 2675 659 2752 inceperit,
681 2695 830 2752 nunquam
851 2675 962 2752 poterit
984 2675 1162 2754 intelligere,
1181 2695 1239 2752 qua

50 2791 168 2854 ratione
188 2789 261 2852 hora
283 2808 329 2850 ex.
350 2803 423 2868 grat.
444 2787 562 2850 transire
583 2788 678 2863 poffit.
719 2789 794 2848 Nam
817 2802 849 2848 ut
870 2786 943 2848 hora
963 2787 1108 2862 transeat,
1128 2786 1239 2850 necesse

50 2904 123 2980 erit,
156 2902 223 2980 ejus
253 2901 404 2964 dimidium
436 2900 517 2977 prius
549 2899 684 2976 transire,
710 2915 741 2960 et
762 2898 862 2975 postea
890 2897 1040 2961 dimidium
1068 2898 1188 2977 reliqui,
1210 2915 1241 2962 et

51 3015 160 3078 deinde
182 3013 350 3090 dimidium,
372 3015 454 3089 quod
475 3011 564 3090 hujus
585 3011 689 3090 reliqui
710 3010 852 3086 superest3
874 3027 904 3072 et
925 3010 946 3071 sr
966 3010 1005 3072 stc
1026 3029 1114 3088 porro
1126 3012 1241 3074 infinite

50 3127 207 3191 dimidium
229 3145 244 3186 a
265 3126 377 3202 reliquo
409 3124 576 3201 subtrahas,
608 3143 757 3200 nunquam
789 3125 825 3184 ad
857 3124 943 3184 finem
975 3124 1054 3185 horae
1086 3124 1240 3200 pervenire

51 3240 178 3318 poteris.
220 3239 317 3321 Quare
351 3238 456 3313 multi,
487 3237 538 3314 qui
570 3235 658 3297 Entia
691 3235 829 3298 Rationis
861 3255 878 3296 a
909 3235 1034 3296 realibus
1065 3235 1239 3316 distinguere

51 3353 157 3416 assueti
179 3370 239 3414 non
260 3352 343 3426 sunt,
363 3350 557 3414 Durationem
580 3367 618 3410 ex
639 3347 796 3410 momentis
824 3347 982 3425 componi,
1003 3347 1062 3409 ausi
1083 3346 1151 3408 sunt
1171 3347 1239 3409 asse-

52 3483 175 3540 verare,
207 3480 237 3525 et
263 3463 301 3524 sic
329 3463 359 3523 in
388 3463 512 3541 Scyllam
545 3462 711 3524 inciderunt
741 3460 896 3536 cupientes
927 3459 1021 3522 vitare
1053 3459 1241 3538 Charybdim.

52 3581 133 3640 Idem
158 3575 234 3638 enim
255 3575 309 3653 esi,
330 3574 523 3636 Durationem
535 3591 572 3634 ex
583 3572 738 3635 momentis
759 3590 951 3649 componere,
974 3590 1060 3648 quam
1081 3573 1241 3634 Numerum

53 3709 89 3750 ex
113 3689 177 3751 sola
198 3687 364 3752 mussitatum
386 3686 547 3748 additione.

92 3803 205 3876 Porro,
225 3817 290 3862 cum
312 3818 350 3860 ex
370 3801 460 3860 modo
481 3797 566 3861 distis
588 3798 656 3860 satis
676 3814 793 3876 pateat,
812 3817 865 3860 nec
885 3801 1064 3874 Numerum,
1082 3817 1135 3860 nec
1153 3801 1240 3861 Men·

52 3913 167 3988 suram,
197 3931 251 3972 nec
282 3912 431 3988 Tempus,
463 3912 702 3988 quandoquidem
730 3931 790 3974 non
820 3911 871 3973 nist
892 3911 1001 3973 auxilia
1023 3911 1241 3991 imaginationis

53 4026 141 4102 sunt,
171 4023 253 4102 polle
283 4023 339 4084 esse
372 4023 520 4086 infinitos:
553 4043 617 4086 nam
646 4023 716 4085 alias
744 4025 891 4086 Numerus
912 4042 972 4085 non
994 4023 1064 4086 esset
1085 4043 1242 4100 numerus,

53 4157 108 4198 nec
141 4135 279 4198 Mensura
310 4135 457 4214 mensura,
485 4155 539 4197 nec
560 4138 691 4213 Tempus
713 4153 844 4212 tempus;
866 4136 944 4198 Hinc
966 4139 1041 4198 clare
1062 4137 1162 4202 videre
1184 4135 1242 4211 est,

55 4269 106 4312 cur
137 4247 239 4325 multi,
270 4247 322 4326 qui
353 4249 415 4310 haec
446 4248 501 4309 tria
532 4268 597 4310 cum
629 4250 715 4310 rebus
736 4247 804 4326 ipsts
824 4250 1064 4323 confundebant,
1084 4264 1240 4324 propterea

54 4365 137 4440 quod
159 4379 258 4425 veram
279 4379 372 4423 rerum
393 4377 523 4424 naturam
546 4361 729 4441 ignorabant,
750 4360 898 4422 Infinitum
921 4365 987 4423 astu
1007 4375 1159 4441 negarunt.
1180 4359 1237 4421 Sed
